34100000         215665528000157                    00000 000000000000  CARGO POLO C L T EIRELI       BANCO ITAU S.A.                         204122023045324000001084                                                                          
34100011I0300022 2015665528000157                    00000 000000000000  CARGO POLO C L T EIRELI                                                                                                                                                
3410001300001G 02748959548000002980011231025827071070725051022023008334000107FERREIRA DIESEL PECAS PARA CAM2811202300000000002980000000000000000009NF5485-B       000000          10319102023000000000000990 00000000000000000000000000251120333
3410001300002H 020000000000000000                                         00000000000000000000000 00000000000000000000000229112023000000000000200000000000000000                                                                                
3410001300003G 02748969548000013540011232002045073742013371022009572061000106MOTORSCAN COMERCIO DE PECAS LT2811202300000000013540000000000000000009071874/3       000000          10315092023000000000000361 00000000000000000000000000251120331
3410001300004H 020000000000000000                                         00000000000000000000000 00000000000000000000000229112023000000000000200000000000000000                                                                                
3410001300005G 02001989550000004150000000016150420000021296172009203706000125BR CARRETAS COMERCIO DE PECAS 3011202300000000004150000000000000000009149585.02      000000          10203102023000000000000013 00000000000000000000000000301220231
3410001300006H 020000000000000000                                         00000000000000000000000 00000000000000000000000202122023000000000000100000000000000000                                                                                
3410001300007G 02001949550000009168300000029617590305080594172060984473000100CONSELHO FEDERAL DE FARMACIA  3011202300000000009168300000000000000009               000000          10421112023000000000000000 00000000000000000000000000011220235
3410001300008H 020000000000000000                                         00000000000000000000000 00000000000000000000000301010001000000000000000000000000000000                                                                                
3410001300009G 02001989550000009803300000029617590305080595172060984473000100CONSELHO FEDERAL DE FARMACIA  3011202300000000009803300000000000000009               000000          10421112023000000000000000 00000000000000000000000000011220235
3410001300010H 020000000000000000                                         00000000000000000000000 00000000000000000000000301010001000000000000000000000000000000                                                                                
3410001300011G 02001929550000009168100000029617590305080596172060984473000100CONSELHO FEDERAL DE FARMACIA  3011202300000000009168100000000000000009               000000          10421112023000000000000000 00000000000000000000000000011220235
3410001300012H 020000000000000000                                         00000000000000000000000 00000000000000000000000301010001000000000000000000000000000000                                                                                
3410001300013G 02237949550000061732023720910001173727000106302060500246000154GOODYEAR DO BRASIL            30112023000000000617320000000000000000090314794301     000000          10201112023000000000000617301010001000000000000257000280520241
3410001300014H 020000000000000000                                         00000000000000000000000 00000000000000000000000301010001000000000000000000000000000000                                                                                
3410001300015G 02001949550000006262000000030300390000000872172027909384000116J E SERVICOS DE MANUTENCAO LTD3011202300000000006262000000000000000009222198.01      000000          10210112023000000000000200 00000000000000000000000000301220233
3410001300016H 020000000000000000                                         00000000000000000000000 00000000000000000000000202122023000000000000350000000000000000                                                                                
3410001300017G 02001919550000009337100000030123680000000300172008210617000143LIVRARIA E PAPELARIA CANDEIAS 30112023000000000093371000000000000000094072           000000          10231102023000000000000200 00000000000000000000000000291220231
3410001300018H 022008210617000143LIVRARIA E PAPELARIA CANDEIAS            00000000000000000000000 00000000000000000000000201122023000000000000308000000000000000                                                                                
3410001300019G 02237939550000014750033812600882674263000063302018236120000158NU PAGAMENTOS S.A.            3011202300000000014750000000000000000009882674263      000000          10120112023000000000000000 00000000000000000000000000251220235
3410001300020H 022038375959000184EDMILSON ALVES DE CASTRO 27386           00000000000000000000000 00000000000000000000000301010001000000000000000000000000000000                                                                                
3410001300021G 02237929550000024865033950900009943315011037402067837138000110PROTEGE SERVICOS              30112023000000000248650000000000000000090252414        000000          10401112023000000000000099 00000000000000000000000000290120243
3410001300022H 020000000000000000                                         00000000000000000000000 00000000000000000000000201122023000000000000200000000000000000                                                                                
3410001300023G 02001969550000001400000000026706320000009024172019728897000100REFORMADORA TRUCK CENTER LTDA 30112023000000000014000000000000000000094.6776.1.9     000000          10231102023000000000000032 00000000000000000000000000291220231
3410001300024H 020000000000000000                                         00000000000000000000000 00000000000000000000000101122023000000000000140000000000000000                                                                                
3410001300025G 02001989550000000600000000026706320000009031172019728897000100REFORMADORA TRUCK CENTER LTDA 30112023000000000006000000000000000000094.6782.1.9     000000          10201112023000000000000014 00000000000000000000000000291220231
3410001300026H 020000000000000000                                         00000000000000000000000 00000000000000000000000101122023000000000000060000000000000000                                                                                
3410001300027G 02001979550000031004000000033837400000000275172041675285000148RESTAURANTE FAMILIA SILVA DE C3011202300000000031004000000000000000009265            000000          10223112023000000000001023 00000000000000000000000000301220231
3410001300028H 020000000000000000                                         00000000000000000000000 00000000000000000000000230122023000000000000200000000000000000                                                                                
3410001300029G 02237929550000006050003370933050001295083850002012813212000177RNX FIDC MULTISSETORIAL LP    301120230000000000605000000000000000000951389001       000000          10201112023000000000000260 00000000000000000000000000290120241
3410001300030H 022012335445000101J ANTUNES DIST DE PECAS LTDA             00000000000000000000000 00000000000000000000000301010001000000000000000000000000000000                                                                                
3410001300031G 02237989550000002900003370933050001297083850002012813212000177RNX FIDC MULTISSETORIAL LP    301120230000000000290000000000000000000951397001       000000          10201112023000000000000125 00000000000000000000000000290120241
3410001300032H 022012335445000101J ANTUNES DIST DE PECAS LTDA             00000000000000000000000 00000000000000000000000301010001000000000000000000000000000000                                                                                
3410001300033G 02001969550000018700019110365299323500101372172000169339000116ROMATA . FERRAMENTAS E MAQUINA3011202300000000018700000000000000000009000088828A     000000          40231102023000000000000505 00000000000000000000000000191120251
3410001300034H 020000000000000000                                         00000000000000000000000 00000000000000000000000301010001000000000000000000000000000000                                                                                
3410001300035G 02237989550000005200025720933150000006007487502041561370000185TARCOVEL SERVICO E COMERCIO DE30112023000000000052000000000000000000092809           000000          10211112023000000000000100 00000000000000000000000000290120241
3410001300036H 020000000000000000                                         00000000000000000000000 00000000000000000000000101122023000000000000100000000000000000                                                                                
3410001300037G 02001969550000005739900000032632120000003835172057139859000101VAL.TURISMO EIRELI            3011202300000000005739900000000000000009FATURA 420     000000          10423112023000000000000140 00000000000000000000000000151220231
3410001300038H 020000000000000000                                         00000000000000000000000 00000000000000000000000201122023000000000000200000000000000000                                                                                
3410001300039G 02033999548000001350091185098000000000083301012030170744000115VICTOR HUGO ANDRADE E SILVA   3011202300000000001350000000000000000009833            000000          10222112023000000000000033 00000000000000000000000000280520243
3410001300040H 020000000000000000                                         00000000000000000000000 00000000000000000000000102122023000000000002025000000000000000                                                                                
3410001300041G 01341979551000025739715700040603215382282950002004140399000400AUTOAMERICA LTDA              011220230000000002573970000000000000000932138-01       015388          10101122023000000000000172 00000000000000000000000000011220231
3410001300042H 010000000000000000                                         00000000000000000000000 00000000000000000000000101122023000000000005148000000000000000                                                                                
3410001300043G 01341919551000035282715700040608115382282950002004140399000400AUTOAMERICA LTDA              011220230000000003528270000000000000000932302-01       015388          10101122023000000000000235 00000000000000000000000000011220231
3410001300044H 010000000000000000                                         00000000000000000000000 00000000000000000000000101122023000000000007057000000000000000                                                                                
3410001300045G 02001979551000007742500000016150420000020810172009203706000125BR CARRETAS COMERCIO DE PECAS 0112202300000000007742500000000000000009149189.03      000000          10215092023000000000000025 00000000000000000000000000311220231
3410001300046H 020000000000000000                                         00000000000000000000000 00000000000000000000000203122023000000000000100000000000000000                                                                                
3410001300047G 02001989551000005485900000023777150001269142172074607839000129DIPECARR DISTR DE PECAS E ACES01122023000000000054859000000000000000090003238966     000000          10206102023000000000000186 00000000000000000000000000290520241
3410001300048H 020000000000000000                                         00000000000000000000000 00000000000000000000000301010001000000000000000000000000000000                                                                                
3410001300049G 02756919551000003611713041010294365000019970012021499725000146GLAUBER GUIMARAES PEREIRA LTDA01122023000000000036117000000000000000094267/2         000000          10223102023000000000000119 00000000000000000000000000280220241
3410001300050H 020000000000000000                                         00000000000000000000000 00000000000000000000000202122023000000000000200000000000000000                                                                                
3410001300051G 02756989551000012388313041010294365000020180012021499725000146GLAUBER GUIMARAES PEREIRA LTDA01122023000000000123883000000000000000091986/2         000000          10223102023000000000000409 00000000000000000000000000280220241
3410001300052H 020000000000000000                                         00000000000000000000000 00000000000000000000000202122023000000000000200000000000000000                                                                                
3410001300053G 02237989551000013119510820900000055507029008502032982651000110HIPER TRUCK PARTS COMERCIO AUT0112202300000000013119500000000000000009103668 02      000000          10203102023000000000000433 00000000000000000000000000300120241
3410001300054H 020000000000000000                                         00000000000000000000000 00000000000000000000000202122023000000000000200000000000000000                                                                                
3410001300055G 02237999551000008313436840200000154032003621802008603129000104NORTE SUL                     01122023000000000083134000000000000000090104586201     000000          30203112023000000000000166 00000000000000000000000000300120241
3410001300056H 020000000000000000                                         00000000000000000000000 00000000000000000000000202122023000000000000200000000000000000                                                                                
3410001300057G 02033929551000012000098530297000015068544801012008561701000101PAGSEGURO INTERNET INSTITUICAO0112202300000000012000000000000000000009150685448      000000          10216112023000000000000000 00000000000000000000000000311220235
3410001300058H 022048757522000169DIAS E FLORENTINO ESTETICA AUT           00000000000000000000000 00000000000000000000000301010001000000000000000000000000000000                                                                                
3410001300059G 02237999551000003190033760920000217649000130002054921580000189SANTA EMILIA CAMIN            0112202300000000003190000000000000000009000246260      000000          10203112023000000000000064 00000000000000000000000000300120241
3410001300060H 020000000000000000                                         00000000000000000000000 00000000000000000000000202122023000000000000200000000000000000                                                                                
3410001300061G 02001919551000008004600000027360305580294002172005463702000125SMART GAS DISTRIBUIDORA LTDA. 01122023000000000080046000000000000000090000101971     000000          20217112023000000000000264 00000000000000000000000000290220241
3410001300062H 020000000000000000                                         00000000000000000000000 00000000000000000000000202122023000000000000150000000000000000                                                                                
3410001300063G 02237989551000022200001950933140000021001687202029236389000150TREVYS FUNDO DE INVESTIMENTO E0112202300000000022200000000000000000009769            000000          10210112023000000000000740 00000000000000000000000000300120241
3410001300064H 022011652780000170ALEXANDRE LUIS VIDAL ME                  00000000000000000000000 00000000000000000000000202122023000000000000200000000000000000                                                                                
3410001300065G 02422989551000008950071450000585124500002578122002803735000260VISARI AUTO PECAS LTDA        01122023000000000089500000000000000000090032726/02     000000          10213112023000000000000179 00000000000000000000000000290220241
3410001300066H 020000000000000000                                         00000000000000000000000 00000000000000000000000301010001000000000000000000000000000000                                                                                
3410001300067G 02237939551000004357533760900000004419000247602040757097000104ZULMIRA   FILHOS SUCATAS E FER0112202300000000004357500000000000000009    7965-1     000000          10209112023000000000000015 00000000000000000000000000300120241
3410001300068H 020000000000000000                                         00000000000000000000000 00000000000000000000000202122023000000000000200000000000000000                                                                                
3410001300069G 31341919552000009319015700041447973663800170002013763324000123POSTO DE COMB PACATUBA LTDA   0212202300000000009319000000000000000009               073668          11027112023000000000000200 00000000000000000000000000021220231
3410001300070H 310000000000000000                                         00000000000000000000000 00000000000000000000000102122023000000000001000000000000000000                                                                                
3410001300071G 01341989554003149375610957239298129380203080002004088208000165SEM PARAR INST DE PAGTO LTDA  0412202300000003149375600000000000000009               029389          10101122023000000000000000 0000000000000000000000000004122023 
3410001300072H 010000000000000000                                         00000000000000000000000 00000000000000000000000 00000000000000000000000000000000000000                                                                                
3410001300073G 01001939560000004476700000031417450000001604172027017199000117DEDREX TECNOLOGIA EM SERVICOS 10122023000000000044767000000000000000090000001604     000000          10201122023000000000000015 00000000000000000000000000080120241
3410001300074H 010000000000000000                                         00000000000000000000000 00000000000000000000000111122023000000000000895000000000000000                                                                                
3410001300075G 31001949560000008804000000030257711001422458172005334864000163NIPCABLE DO BRASIL TELECOM LTD10122023000000000088040000000000000000091308035        000000          20201122023000000000000029 00000000000000000000000000080420241
3410001300076H 312005334864000163NIPCABLE BRASIL TELECOM LTDA             00000000000000000000000 00000000000000000000000211122023000000000000200000000000000000                                                                                
3410001300077G 01001949560000008804000000030257711001422458172005334864000163NIPCABLE DO BRASIL TELECOM LTD10122023000000000088040000000000000000091308035        000000          20201122023000000000000029 00000000000000000000000000080420241
3410001300078H 012005334864000163NIPCABLE BRASIL TELECOM LTDA             00000000000000000000000 00000000000000000000000211122023000000000000200000000000000000                                                                                
3410001300079G 02001919561000004724000000028444932200710464172043052497000102DEPARTAMENTO DE ESTRADAS DE RO1112202300000000004724000000000000000009               000000          10401122023000000000000000 00000000000000000000000000111220235
3410001300080H 020000000000000000                                         00000000000000000000000 00000000000000000000000301010001000000000000000000000000000000                                                                                
3410001300081G 01001919561000004724000000028444932200710464172043052497000102DEPARTAMENTO DE ESTRADAS DE RO1112202300000000004724000000000000000009               000000          10401122023000000000000000 00000000000000000000000000111220235
3410001300082H 010000000000000000                                         00000000000000000000000 00000000000000000000000301010001000000000000000000000000000000                                                                                
3410001300083G 02001989561000004724000000028444932200710459172043052497000102DEPARTAMENTO DE ESTRADAS DE RO1112202300000000004724000000000000000009               000000          10401122023000000000000000 00000000000000000000000000111220235
3410001300084H 020000000000000000                                         00000000000000000000000 00000000000000000000000301010001000000000000000000000000000000                                                                                
3410001300085G 01001989561000004724000000028444932200710459172043052497000102DEPARTAMENTO DE ESTRADAS DE RO1112202300000000004724000000000000000009               000000          10401122023000000000000000 00000000000000000000000000111220235
3410001300086H 010000000000000000                                         00000000000000000000000 00000000000000000000000301010001000000000000000000000000000000                                                                                
3410001300087G 02001979561000004724000000028444932200710445172043052497000102DEPARTAMENTO DE ESTRADAS DE RO1112202300000000004724000000000000000009               000000          10401122023000000000000000 00000000000000000000000000111220235
3410001300088H 020000000000000000                                         00000000000000000000000 00000000000000000000000301010001000000000000000000000000000000                                                                                
3410001300089G 01001979561000004724000000028444932200710445172043052497000102DEPARTAMENTO DE ESTRADAS DE RO1112202300000000004724000000000000000009               000000          10401122023000000000000000 00000000000000000000000000111220235
3410001300090H 010000000000000000                                         00000000000000000000000 00000000000000000000000301010001000000000000000000000000000000                                                                                
3410001300091G 02001939561000004809800000028444932200710482172043052497000102DEPARTAMENTO DE ESTRADAS DE RO1112202300000000004809800000000000000009               000000          10401122023000000000000000 00000000000000000000000000111220235
3410001300092H 020000000000000000                                         00000000000000000000000 00000000000000000000000301010001000000000000000000000000000000                                                                                
3410001300093G 01001939561000004809800000028444932200710482172043052497000102DEPARTAMENTO DE ESTRADAS DE RO1112202300000000004809800000000000000009               000000          10401122023000000000000000 00000000000000000000000000111220235
3410001300094H 010000000000000000                                         00000000000000000000000 00000000000000000000000301010001000000000000000000000000000000                                                                                
3410001300095G 02001969561000004724000000028444932200710454172043052497000102DEPARTAMENTO DE ESTRADAS DE RO1112202300000000004724000000000000000009               000000          10401122023000000000000000 00000000000000000000000000111220235
3410001300096H 020000000000000000                                         00000000000000000000000 00000000000000000000000301010001000000000000000000000000000000                                                                                
3410001300097G 01001969561000004724000000028444932200710454172043052497000102DEPARTAMENTO DE ESTRADAS DE RO1112202300000000004724000000000000000009               000000          10401122023000000000000000 00000000000000000000000000111220235
3410001300098H 010000000000000000                                         00000000000000000000000 00000000000000000000000301010001000000000000000000000000000000                                                                                
3410001300099G 02001919561000004809800000028444932200710483172043052497000102DEPARTAMENTO DE ESTRADAS DE RO1112202300000000004809800000000000000009               000000          10401122023000000000000000 00000000000000000000000000111220235
3410001300100H 020000000000000000                                         00000000000000000000000 00000000000000000000000301010001000000000000000000000000000000                                                                                
3410001300101G 01001919561000004809800000028444932200710483172043052497000102DEPARTAMENTO DE ESTRADAS DE RO1112202300000000004809800000000000000009               000000          10401122023000000000000000 00000000000000000000000000111220235
3410001300102H 010000000000000000                                         00000000000000000000000 00000000000000000000000301010001000000000000000000000000000000                                                                                
3410001300103G 02001989561000004690200000028444932200710486172043052497000102DEPARTAMENTO DE ESTRADAS DE RO1112202300000000004690200000000000000009               000000          10401122023000000000000000 00000000000000000000000000111220235
3410001300104H 020000000000000000                                         00000000000000000000000 00000000000000000000000301010001000000000000000000000000000000                                                                                
3410001300105G 01001989561000004690200000028444932200710486172043052497000102DEPARTAMENTO DE ESTRADAS DE RO1112202300000000004690200000000000000009               000000          10401122023000000000000000 00000000000000000000000000111220235
3410001300106H 010000000000000000                                         00000000000000000000000 00000000000000000000000301010001000000000000000000000000000000                                                                                
3410001300107G 02001949561000004724000000028444932200710489172043052497000102DEPARTAMENTO DE ESTRADAS DE RO1112202300000000004724000000000000000009               000000          10401122023000000000000000 00000000000000000000000000111220235
3410001300108H 020000000000000000                                         00000000000000000000000 00000000000000000000000301010001000000000000000000000000000000                                                                                
3410001300109G 01001949561000004724000000028444932200710489172043052497000102DEPARTAMENTO DE ESTRADAS DE RO1112202300000000004724000000000000000009               000000          10401122023000000000000000 00000000000000000000000000111220235
3410001300110H 010000000000000000                                         00000000000000000000000 00000000000000000000000301010001000000000000000000000000000000                                                                                
3410001300111G 02001969561000004809800000028444932200710490172043052497000102DEPARTAMENTO DE ESTRADAS DE RO1112202300000000004809800000000000000009               000000          10401122023000000000000000 00000000000000000000000000111220235
3410001300112H 020000000000000000                                         00000000000000000000000 00000000000000000000000301010001000000000000000000000000000000                                                                                
3410001300113G 01001969561000004809800000028444932200710490172043052497000102DEPARTAMENTO DE ESTRADAS DE RO1112202300000000004809800000000000000009               000000          10401122023000000000000000 00000000000000000000000000111220235
3410001300114H 010000000000000000                                         00000000000000000000000 00000000000000000000000301010001000000000000000000000000000000                                                                                
3410001300115G 01237929561000039332511000900000086841001938002030342266000183ONF CONSULTORIA E GESTAO LTDA 111220230000000003933250000000000000000936842 1        000000          10201122023000000000000131 00000000000000000000000000090220241
3410001300116H 010000000000000000                                         00000000000000000000000 00000000000000000000000212122023000000000000200000000000000000                                                                                
3410001300117G 01001999561000001800000000034998330000104552172044260509000149TALLUM SOLUTION LOCACAO E COME1112202300000000001800000000000000000009T06179.1       000000          10201122023000000000000005 00000000000000000000000000100320241
3410001300118H 010000000000000000                                         00000000000000000000000 00000000000000000000000212122023000000000000200000000000000000                                                                                
3410001300119G 01341939562000014165515700043633896821004420002015407292000159POSTO DE MOLAS SANTO A EIERELI1212202300000000014165500000000000000009HHK5392241     096826          10101122023000000000000472 00000000000000000000000000121220231
3410001300120H 010000000000000000                                         00000000000000000000000 00000000000000000000000112122023000000000002833000000000000000                                                                                
3410001300121G 01341939565000142000015700040365406236338070002011634637000156RP E C P P M SERVICOS         15122023000000001420000000000000000000091.098          006239          10801122023000000000000473 00000000000000000000000000151220231
3410001300122H 010000000000000000                                         00000000000000000000000 00000000000000000000000115122023000000000014200000000000000000                                                                                
3410001300123G 01364910000000016000000001000428905000000056332021122489000144SCOPI SISTEMAS LTDA           1512202300000000016000000000000000000009               000000          10201122023000000000000099 00000000000000000000000000140320243
3410001300124H 012021122489000144SCOPI SISTEMAS LTDA                      00000000000000000000000 00000000000000000000000216122023000000000000200000000000000000                                                                                
3410001300125G 01033969569000975840595346541000637123085201012033164021000100TOKIO MARINE SEGURADORA S A   19122023000000009758405000000000000000090000026526     000000          12001122023000000000017890 00000000000000000000000000160620241
3410001300126H 012033164021000100TOKIO MARINE SEGURADORA SA               00000000000000000000000 00000000000000000000000301010001000000000000000000000000000000                                                                                
3410001300127G 01033969569001394057995346541000637123054201012033164021000100TOKIO MARINE SEGURADORA S A   19122023000000013940579000000000000000090000026526     000000          12001122023000000000025558 00000000000000000000000000160620241
3410001300128H 012033164021000100TOKIO MARINE SEGURADORA SA               00000000000000000000000 00000000000000000000000301010001000000000000000000000000000000                                                                                
3410001300129G 01341949570000116900010900015354221299987590002021295582000150LUCAS DE FALCO AUGUSTO        20122023000000001169000000000000000000092304           021295          10801122023000000000000779 00000000000000000000000000201220231
3410001300130H 010000000000000000                                         00000000000000000000000 00000000000000000000000120122023000000000058450000000000000000                                                                                
3410001300131G 01341989570000010800010900015361721299987590002021295582000150LUCAS DE FALCO AUGUSTO        20122023000000000108000000000000000000092305           021295          10801122023000000000000072 00000000000000000000000000201220231
3410001300132H 010000000000000000                                         00000000000000000000000 00000000000000000000000120122023000000000005400000000000000000                                                                                
3410001300133G 01237939570000002000033812600882801612000063302018236120000158NU PAGAMENTOS S.A.            2012202300000000002000000000000000000009882801612      000000          10101122023000000000000000 00000000000000000000000000140120245
3410001300134H 01205295368300010352.953.683 PAULO RICARDO BARBA           00000000000000000000000 00000000000000000000000301010001000000000000000000000000000000                                                                                
3410001300135G 01237969570000009200033812600882801756000063302018236120000158NU PAGAMENTOS S.A.            2012202300000000009200000000000000000009882801756      000000          10101122023000000000000000 00000000000000000000000000140120245
3410001300136H 01205295368300010352.953.683 PAULO RICARDO BARBA           00000000000000000000000 00000000000000000000000301010001000000000000000000000000000000                                                                                
3410001300137G 01341999570000082316010993013623201323007990002080680093000181SENIOR SISTEMAS SA            201220230000000008231600000000000000000913256S01       001321          10101122023000000000000273 00000000000000000000000000201220231
3410001300138H 010000000000000000                                         00000000000000000000000 00000000000000000000000120122023000000000016463000000000000000                                                                                
3410001300139G 01748969572000010600011231017530260213019501022020124000000100M A SERVICOS DE DIGITACAO EIRE2212202300000000010600000000000000000009NF 7471        000000          10301122023000000000000050 00000000000000000000000000191220331
3410001300140H 010000000000000000                                         00000000000000000000000 00000000000000000000000226122023000000000000200000000000000000                                                                                
3410001300141G 01237979575000006257804900904900013673002217702066944158000128CASA DO OLEO RIBEIRAO PRETO LT251220230000000000625780000000000000000916469-1        000000          10201122023000000000000169 00000000000000000000000000230220241
3410001300142H 010000000000000000                                         00000000000000000000000 00000000000000000000000226122023000000000000200000000000000000                                                                                
3410001300143G 01341999576000025739715700040604015382282950002004140399000400AUTOAMERICA LTDA              261220230000000002573970000000000000000932138-02       015388          10101122023000000000000172 00000000000000000000000000261220231
3410001300144H 010000000000000000                                         00000000000000000000000 00000000000000000000000126122023000000000005148000000000000000                                                                                
3410001300145G 01237979577000002974904900904900013758002217702066944158000128CASA DO OLEO RIBEIRAO PRETO LT271220230000000000297490000000000000000916568-1        000000          10201122023000000000000080 00000000000000000000000000250220241
3410001300146H 010000000000000000                                         00000000000000000000000 00000000000000000000000228122023000000000000200000000000000000                                                                                
3410001300147G 01001919577000004425000000028125260000064549172004062507000120RODOCEARA AUTO PECAS LTDA     2712202300000000004425000000000000000009145161.1.2     000000          10201122023000000000000146 00000000000000000000000000211220241
3410001300148H 010000000000000000                                         00000000000000000000000 00000000000000000000000128122023000000000000885000000000000000                                                                                
3410001300149G 01033939578000011050097153066000000000694901012015380089000136ECG DE OLIVEIRA AUTO PECAS ME 281220230000000001105000000000000000000940280001       000000          10201122023000000000000200 00000000000000000000000000250620243
3410001300150H 010000000000000000                                         00000000000000000000000 00000000000000000000000131122023000000000002210000000000000000                                                                                
3410001300151G 01033989578000024031297153066000000000694701012015380089000136ECG DE OLIVEIRA AUTO PECAS ME 281220230000000002403120000000000000000974460001       000000          10201122023000000000000200 00000000000000000000000000250620243
3410001300152H 010000000000000000                                         00000000000000000000000 00000000000000000000000131122023000000000004806000000000000000                                                                                
3410001300153G 01237939578000010075033760920000218275000130002054921580000189SANTA EMILIA CAMIN            2812202300000000010075000000000000000009000247558      000000          10201122023000000000000202 00000000000000000000000000260220241
3410001300154H 010000000000000000                                         00000000000000000000000 00000000000000000000000229122023000000000000200000000000000000                                                                                
3410001300155G 01403919579000017550000000430596560066250731012037880206000163CORA SCD SA                   2912202300000000017550000000000000000009               000000          10401122023000000000000500 00000000000000000000000000280320243
3410001300156H 012043059656000192AUTO ELETRICA 7 ESTRADAS                 00000000000000000000000 00000000000000000000000102012024000000000002000000000000000000                                                                                
3410001300157G 01033959579000016400097153066000000000694401012015380089000136ECG DE OLIVEIRA AUTO PECAS ME 291220230000000001640000000000000000000974450001       000000          10201122023000000000000200 00000000000000000000000000260620243
3410001300158H 010000000000000000                                         00000000000000000000000 00000000000000000000000101012024000000000003280000000000000000                                                                                
3410001300159G 01237989579000000600021190900000013225004711802046144625000128RCJ RECAPAGENS LTDA           29122023000000000006000000000000000000097803-1         000000          10201122023000000000000020 00000000000000000000000000270220241
3410001300160H 010000000000000000                                         00000000000000000000000 00000000000000000000000230122023000000000000200000000000000000                                                                                
3410001300161G 01237989579000000300021190900000013223004711802046144625000128RCJ RECAPAGENS LTDA           29122023000000000003000000000000000000097800-1         000000          10201122023000000000000010 00000000000000000000000000270220241
3410001300162H 010000000000000000                                         00000000000000000000000 00000000000000000000000230122023000000000000200000000000000000                                                                                
3410001300163G 01237969579000002000021190900000013226004711802046144625000128RCJ RECAPAGENS LTDA           29122023000000000020000000000000000000097804-1         000000          10201122023000000000000066 00000000000000000000000000270220241
3410001300164H 010000000000000000                                         00000000000000000000000 00000000000000000000000230122023000000000000200000000000000000                                                                                
3410001300165G 01237919579000000300021190900000013222004711802046144625000128RCJ RECAPAGENS LTDA           29122023000000000003000000000000000000097799-1         000000          10201122023000000000000010 00000000000000000000000000270220241
3410001300166H 010000000000000000                                         00000000000000000000000 00000000000000000000000230122023000000000000200000000000000000                                                                                
3410001300167G 01237949579000003890033760920000218338000130002054921580000189SANTA EMILIA CAMIN            2912202300000000003890000000000000000009000247652      000000          10201122023000000000000078 00000000000000000000000000270220241
3410001300168H 010000000000000000                                         00000000000000000000000 00000000000000000000000230122023000000000000200000000000000000                                                                                
3410001300169G 01237939579000117260003800900000004468000481802024013399000103ZALF SISTEMAS                 291220230000000011726000000000000000000911832          000000          10401122023000000000000391 00000000000000000000000000270220241
3410001300170H 010000000000000000                                         00000000000000000000000 00000000000000000000000230122023000000000000200000000000000000                                                                                
3410001300171G 01001919580000001200000000026706320000009120172019728897000100REFORMADORA TRUCK CENTER LTDA 30122023000000000012000000000000000000094.6970.1.9     000000          10201122023000000000000028 00000000000000000000000000280120241
3410001300172H 010000000000000000                                         00000000000000000000000 00000000000000000000000101012024000000000000120000000000000000                                                                                
3410001300173G 01001959580000010500019110365498323500101372172000169339000116ROMATA . FERRAMENTAS E MAQUINA3012202300000000010500000000000000000009000089724A     000000          10201122023000000000000284 00000000000000000000000000290320241
3410001300174H 010000000000000000                                         00000000000000000000000 00000000000000000000000301010001000000000000000000000000000000                                                                                
3410001300175G 01422949581000002100072060000581215456677122622031999023000185L  E MOLAS CEBOLAO BR LTDA    31122023000000000021000000000000000000093133-1         000000          10201122023000000000000012 00000000000000000000000000300320241
3410001300176H 010000000000000000                                         00000000000000000000000 00000000000000000000000201012024000000000000500000000000000000                                                                                
3410001300177G 01341969583000035282715700040609915382282950002004140399000400AUTOAMERICA LTDA              020120240000000003528270000000000000000932302-02       015388          10101122023000000000000235 00000000000000000000000000020120241
3410001300178H 010000000000000000                                         00000000000000000000000 00000000000000000000000102012024000000000007057000000000000000                                                                                
3410001300179G 01033959583000017500090127123000000000006301012042240207000183HIAGO RODRIGUES PIMENTEL 4822702012024000000000175000000000000000000090              000000          10201122023000000000000300 00000000000000000000000000300620243
3410001300180H 010000000000000000                                         00000000000000000000000 00000000000000000000000106012024000000000005250000000000000000                                                                                
3410001300181G 01001969585000016950000000028006650034063728172047960950000121MAGAZINE LUIZA S.A            04012024000000000169500000000000000000090011420120     000000          10201122023000000000000750 00000000000000000000000000020220243
3410001300182H 010000000000000000                                         00000000000000000000000 00000000000000000000000207012024000000000000200000000000000000                                                                                
3410001300183G 01237919591000002974904900904900013759002217702066944158000128CASA DO OLEO RIBEIRAO PRETO LT100120240000000000297490000000000000000916568-2        000000          10201122023000000000000080 00000000000000000000000000100320241
3410001300184H 010000000000000000                                         00000000000000000000000 00000000000000000000000211012024000000000000200000000000000000                                                                                
3410001300185G 01341989591000007024910901024677103329323750002001568366000124TELECOMUNICACOES POLONI EIRELI100120240000000000702490000000000000000910006611       003327          11001122023000000000000140 00000000000000000000000000100120241
3410001300186H 010000000000000000                                         00000000000000000000000 00000000000000000000000 00000000000000000000000000000000000000                                                                                
3410001300187G 01341919593000014165415700043634696821004420002015407292000159POSTO DE MOLAS SANTO A EIERELI1201202400000000014165400000000000000009HHK5392241     096826          10101122023000000000000472 00000000000000000000000000120120241
3410001300188H 010000000000000000                                         00000000000000000000000 00000000000000000000000112012024000000000002833000000000000000                                                                                
3410001300189G 01001959593000005480000000025769050000158771172003635486000122RIMA COMERCIO DE PECAS LTDA   1201202400000000005480000000000000000009577689.1       000000          20201122023000000000000164 00000000000000000000000000110420241
3410001300190H 010000000000000000                                         00000000000000000000000 00000000000000000000000301010001000000000000000000000000000000                                                                                
3410001300191G 01237919605000002975004900904900013760002217702066944158000128CASA DO OLEO RIBEIRAO PRETO LT240120240000000000297500000000000000000916568-3        000000          10201122023000000000000080 00000000000000000000000000240320241
3410001300192H 010000000000000000                                         00000000000000000000000 00000000000000000000000225012024000000000000200000000000000000                                                                                
3410001300193G 01341999606000025739715700040605715382282950002004140399000400AUTOAMERICA LTDA              250120240000000002573970000000000000000932138-03       015388          10101122023000000000000172 00000000000000000000000000250120241
3410001300194H 010000000000000000                                         00000000000000000000000 00000000000000000000000125012024000000000005148000000000000000                                                                                
3410001300195G 01001919607000004425000000028125260000064550172004062507000120RODOCEARA AUTO PECAS LTDA     2601202400000000004425000000000000000009145161.2.2     000000          10201122023000000000000146 00000000000000000000000000200120251
3410001300196H 010000000000000000                                         00000000000000000000000 00000000000000000000000127012024000000000000885000000000000000                                                                                
3410001300197G 01033939609000011050097153066000000000695001012015380089000136ECG DE OLIVEIRA AUTO PECAS ME 280120240000000001105000000000000000000940280002       000000          10201122023000000000000200 00000000000000000000000000260720243
3410001300198H 010000000000000000                                         00000000000000000000000 00000000000000000000000131012024000000000002210000000000000000                                                                                
3410001300199G 01033919609000024031297153066000000000694801012015380089000136ECG DE OLIVEIRA AUTO PECAS ME 280120240000000002403120000000000000000974460002       000000          10201122023000000000000200 00000000000000000000000000260720243
3410001300200H 010000000000000000                                         00000000000000000000000 00000000000000000000000131012024000000000004806000000000000000                                                                                
3410001300201G 01033979610000016400097153066000000000694501012015380089000136ECG DE OLIVEIRA AUTO PECAS ME 290120240000000001640000000000000000000974450002       000000          10201122023000000000000200 00000000000000000000000000270720243
3410001300202H 010000000000000000                                         00000000000000000000000 00000000000000000000000101022024000000000003280000000000000000                                                                                
3410001300203G 01341979611000035282715700040610715382282950002004140399000400AUTOAMERICA LTDA              300120240000000003528270000000000000000932302-03       015388          10101122023000000000000235 00000000000000000000000000300120241
3410001300204H 010000000000000000                                         00000000000000000000000 00000000000000000000000130012024000000000007057000000000000000                                                                                
3410001300205G 01033979614000017500090127123000000000006401012042240207000183HIAGO RODRIGUES PIMENTEL 4822702022024000000000175000000000000000000090              000000          10201122023000000000000300 00000000000000000000000000310720243
3410001300206H 010000000000000000                                         00000000000000000000000 00000000000000000000000106022024000000000005250000000000000000                                                                                
3410001300207G 01001919616000016950000000028006650034063729172047960950000121MAGAZINE LUIZA S.A            04022024000000000169500000000000000000090011420120     000000          10201122023000000000000750 00000000000000000000000000040320243
3410001300208H 010000000000000000                                         00000000000000000000000 00000000000000000000000207022024000000000000200000000000000000                                                                                
3410001300209G 01341999638000025739715700040606515382282950002004140399000400AUTOAMERICA LTDA              260220240000000002573970000000000000000932138-04       015388          10101122023000000000000172 00000000000000000000000000260220241
3410001300210H 010000000000000000                                         00000000000000000000000 00000000000000000000000126022024000000000005148000000000000000                                                                                
3410001300211G 01341969641000035282715700040611515382282950002004140399000400AUTOAMERICA LTDA              290220240000000003528270000000000000000932302-04       015388          10101122023000000000000235 00000000000000000000000000290220241
3410001300212H 010000000000000000                                         00000000000000000000000 00000000000000000000000129022024000000000007057000000000000000                                                                                
3410001300213G 01033919641000016400097153066000000000694601012015380089000136ECG DE OLIVEIRA AUTO PECAS ME 290220240000000001640000000000000000000974450003       000000          10201122023000000000000200 00000000000000000000000000270820243
3410001300214H 010000000000000000                                         00000000000000000000000 00000000000000000000000103032024000000000003280000000000000000                                                                                
3410001300215G 01341979666000025739715700040607315382282950002004140399000400AUTOAMERICA LTDA              250320240000000002573970000000000000000932138-05       015388          10101122023000000000000172 00000000000000000000000000250320241
3410001300216H 010000000000000000                                         00000000000000000000000 00000000000000000000000125032024000000000005148000000000000000                                                                                
3410001300217G 01341969673000035282715700040612315382282950002004140399000400AUTOAMERICA LTDA              010420240000000003528270000000000000000932302-05       015388          10101122023000000000000235 00000000000000000000000000010420241
3410001300218H 010000000000000000                                         00000000000000000000000 00000000000000000000000101042024000000000007057000000000000000                                                                                
34100015         000220000000000071391863000000000000000000                                                                                                                                                                                     
34100021I0300022 2015665528000238                    00000 000000000000  CARGO POLO C L T EIRELI                                                                                                                                                
3410002300001G 01341969555000032000015700041250783222614990002017550800000189J V S L E M DE MAQ LTDA - ME  0512202300000000032000000000000000000009112            083220          10101122023000000000000035 00000000000000000000000000051220231
3410002300002H 010000000000000000                                         00000000000000000000000 00000000000000000000000105122023000000000006400000000000000000                                                                                
3410002300003G 01341999582000003861710901187060905504517020002035512722000100REDIESEL RECIFE AUTOD LTDA    01012024000000000038617000000000000000091010104-A      005504          10101122023000000000000077 00000000000000000000000000010120241
3410002300004H 010000000000000000                                         00000000000000000000000 00000000000000000000000 00000000000000000000000000000000000000                                                                                
3410002300005G 01341959610000003861710901187061705504517020002035512722000100REDIESEL RECIFE AUTOD LTDA    29012024000000000038617000000000000000091010104-B      005504          10101122023000000000000077 00000000000000000000000000290120241
3410002300006H 010000000000000000                                         00000000000000000000000 00000000000000000000000 00000000000000000000000000000000000000                                                                                
3410002300007G 01341949640000003861710901187062505504517020002035512722000100REDIESEL RECIFE AUTOD LTDA    28022024000000000038617000000000000000091010104-C      005504          10101122023000000000000077 00000000000000000000000000280220241
3410002300008H 010000000000000000                                         00000000000000000000000 00000000000000000000000 00000000000000000000000000000000000000                                                                                
3410002300009G 01341999670000003861510901187063305504517020002035512722000100REDIESEL RECIFE AUTOD LTDA    29032024000000000038615000000000000000091010104-D      005504          10101122023000000000000077 00000000000000000000000000290320241
3410002300010H 010000000000000000                                         00000000000000000000000 00000000000000000000000 00000000000000000000000000000000000000                                                                                
34100025         000012000000000000474466000000000000000000                                                                                                                                                                                     
34100031I0300022 2015665528000580                    00000 000000000000  CARGO POLO C L T EIRELI                                                                                                                                                
3410003300001G 01341979579000009200010910022815774850690040002000694545000145RECAPAGEM PNEUFORTE LTDA      29122023000000000092000000000000000000095145/1         074856          10101122023000000000000123 00000000000000000000000000291220231
3410003300002H 010000000000000000                                         00000000000000000000000 00000000000000000000000130122023000000000001840000000000000000                                                                                
3410003300003G 01341949609000009200010910022816574850690040002000694545000145RECAPAGEM PNEUFORTE LTDA      28012024000000000092000000000000000000095145/2         074856          10101122023000000000000123 00000000000000000000000000280120241
3410003300004H 010000000000000000                                         00000000000000000000000 00000000000000000000000129012024000000000001840000000000000000                                                                                
3410003300005G 01341939639000009200010910022817374850690040002000694545000145RECAPAGEM PNEUFORTE LTDA      27022024000000000092000000000000000000095145/3         074856          10101122023000000000000123 00000000000000000000000000270220241
3410003300006H 010000000000000000                                         00000000000000000000000 00000000000000000000000128022024000000000001840000000000000000                                                                                
34100035         000008000000000000276000000000000000000000                                                                                                                                                                                     
34100041I0300022 2015665528000742                    00000 000000000000  CARGO POLO C L T EIRELI                                                                                                                                                
3410004300001G 01341989571000535940010905465240029380663270002033337122000127IPIRANGA PRODS DE PETROLEO    21122023000000005359400000000000000000090000289365     029389          10101122023000000000019651 00000000000000000000000000211220231
3410004300002H 010000000000000000                                         00000000000000000000000 00000000000000000000000 00000000000000000000000000000000000000                                                                                
3410004300003G 01341979583000016166810932865825229383540530002005524572000193ICONIC LUBRIFICANTES S/A      02012024000000000161668000000000000000090000204240     029389          10101122023000000000000593 00000000000000000000000000020120241
3410004300004H 010000000000000000                                         00000000000000000000000 00000000000000000000000 00000000000000000000000000000000000000                                                                                
3410004300005G 01341969586000010966711281084530800550528310002058507468000157MULTIEIXO IMPL RODOV LTDA     0501202400000000010966700000000000000009DP 217.967     000554          10101122023000000000000110 00000000000000000000000000050120241
3410004300006H 010000000000000000                                         00000000000000000000000 00000000000000000000000 00000000000000000000000000000000000000                                                                                
3410004300007G 01341939610000016166610932865826029383540530002005524572000193ICONIC LUBRIFICANTES S/A      29012024000000000161666000000000000000090000204240     029389          10101122023000000000000593 00000000000000000000000000290120241
3410004300008H 010000000000000000                                         00000000000000000000000 00000000000000000000000 00000000000000000000000000000000000000                                                                                
3410004300009G 01341979613000010966711281084531600550528310002058507468000157MULTIEIXO IMPL RODOV LTDA     0102202400000000010966700000000000000009DP 217.967     000554          10101122023000000000000110 00000000000000000000000000010220241
3410004300010H 010000000000000000                                         00000000000000000000000 00000000000000000000000 00000000000000000000000000000000000000                                                                                
3410004300011G 01341999640000016166610932865827829383540530002005524572000193ICONIC LUBRIFICANTES S/A      28022024000000000161666000000000000000090000204240     029389          10101122023000000000000593 00000000000000000000000000280220241
3410004300012H 010000000000000000                                         00000000000000000000000 00000000000000000000000 00000000000000000000000000000000000000                                                                                
3410004300013G 01341939642000010966611281084532400550528310002058507468000157MULTIEIXO IMPL RODOV LTDA     0103202400000000010966600000000000000009DP 217.967     000554          10101122023000000000000110 00000000000000000000000000010320241
3410004300014H 010000000000000000                                         00000000000000000000000 00000000000000000000000 00000000000000000000000000000000000000                                                                                
34100045         000016000000000006173400000000000000000000                                                                                                                                                                                     
34100051I0300022 2015665528000823                    00000 000000000000  CARGO POLO C L T EIRELI                                                                                                                                                
3410005300001G 01341969555000008720015700040430803822625580002020953282000159ANA VIRGINIA PEREIRA LISBOA   0512202300000000008720000000000000000009               003822          11001122023000000000000000 0000000000000000000000000005122023 
3410005300002H 010000000000000000                                         00000000000000000000000 00000000000000000000000 00000000000000000000000000000000000000                                                                                
34100055         000004000000000000087200000000000000000000                                                                                                                                                                                     
34100061I0300022 2015665528001048                    00000 000000000000  CARGO POLO C L T EIRELI                                                                                                                                                
3410006300001G 31341919558000022166715700000163064229978220002043355922000124BETEL ELETRODIESEL            0812202300000000022166700000000000000009OS930A         064220          10127112023000000000000066 00000000000000000000000000081220231
3410006300002H 310000000000000000                                         00000000000000000000000 00000000000000000000000108122023000000000004433000000000000000                                                                                
3410006300003G 01341939565000006588110994408034929380429060002061602199000112CIA ULTRAGAZ S A              15122023000000000065881000000000000000091269-1         029389          10101122023000000000000077 00000000000000000000000000151220231
3410006300004H 010000000000000000                                         00000000000000000000000 00000000000000000000000115122023000000000001318000000000000000                                                                                
3410006300005G 01341969578000013000010909068140202062668680002000170293000155CAPIVARA FREIOS PECAS SERV LTD281220230000000001300000000000000000000943353A         002063          10101122023000000000000039 00000000000000000000000000281220231
3410006300006H 010000000000000000                                         00000000000000000000000 00000000000000000000000 00000000000000000000000000000000000000                                                                                
3410006300007G 01341919578000006930610900075683785416474110002010158356000101CPX DISTRIBUIDORA SA          28122023000000000069306000000000000000090001053701     085415          10101122023000000000000162 00000000000000000000000000281220231
3410006300008H 010000000000000000                                         00000000000000000000000 00000000000000000000000129122023000000000001386000000000000000                                                                                
3410006300009G 01341969578000005737710900075689485416474110002010158356000101CPX DISTRIBUIDORA SA          28122023000000000057377000000000000000090001053801     085415          10101122023000000000000134 00000000000000000000000000281220231
3410006300010H 010000000000000000                                         00000000000000000000000 00000000000000000000000129122023000000000001147000000000000000                                                                                
3410006300011G 01341919578000008750010966370088003556426610002047964168000180RODOPECAS LTDA EPP            28122023000000000087500000000000000000090053145-AD     003558          10101122023000000000000292 00000000000000000000000000281220231
3410006300012H 010000000000000000                                         00000000000000000000000 00000000000000000000000128122023000000000001750000000000000000                                                                                
3410006300013G 01341929578000001630010910054250506123007310002000392776000102ROLAMAR PECAS ACESS V LTDA    2812202300000000001630000000000000000009000265/        006122          10101122023000000000000027 00000000000000000000000000281220231
3410006300014H 010000000000000000                                         00000000000000000000000 00000000000000000000000 00000000000000000000000000000000000000                                                                                
3410006300015G 01341979578000011500010990374999106123263300002010653631000163ZAGAR COMERCIO F F LTDA       2812202300000000011500000000000000000009000225149      006122          10101122023000000000000192 00000000000000000000000000281220231
3410006300016H 010000000000000000                                         00000000000000000000000 00000000000000000000000 00000000000000000000000000000000000000                                                                                
3410006300017G 01341999578000016519510990375000706123263300002010653631000163ZAGAR COMERCIO F F LTDA       2812202300000000016519500000000000000009000225227      006122          10101122023000000000000275 00000000000000000000000000281220231
3410006300018H 010000000000000000                                         00000000000000000000000 00000000000000000000000 00000000000000000000000000000000000000                                                                                
3410006300019G 01341919578000022000010990375001506123263300002010653631000163ZAGAR COMERCIO F F LTDA       2812202300000000022000000000000000000009000225228      006122          10101122023000000000000367 00000000000000000000000000281220231
3410006300020H 010000000000000000                                         00000000000000000000000 00000000000000000000000 00000000000000000000000000000000000000                                                                                
3410006300021G 01341929578000002040010990375002306123263300002010653631000163ZAGAR COMERCIO F F LTDA       2812202300000000002040000000000000000009000225230      006122          10101122023000000000000034 00000000000000000000000000281220231
3410006300022H 010000000000000000                                         00000000000000000000000 00000000000000000000000 00000000000000000000000000000000000000                                                                                
3410006300023G 01341989581000031175710900014284587459986100002014021473000260INTERCAMBIO PECAS E SERVICOS E31122023000000000311757000000000000000090004643-01     087452          10101122023000000000000374 00000000000000000000000000311220231
3410006300024H 010000000000000000                                         00000000000000000000000 00000000000000000000000131122023000000000006235000000000000000                                                                                
3410006300025G 01341999581000006324310900014288687459986100002014021473000260INTERCAMBIO PECAS E SERVICOS E31122023000000000063243000000000000000090004349-01     087452          10101122023000000000000076 00000000000000000000000000311220231
3410006300026H 010000000000000000                                         00000000000000000000000 00000000000000000000000131122023000000000001265000000000000000                                                                                
3410006300027G 01341949583000003000010900003195676484364390002061591459000525DE NIGRIS DIST VEICULOS LTDA  0201202400000000003000000000000000000009FA07566901     076489          10101122023000000000000070 00000000000000000000000000020120241
3410006300028H 010000000000000000                                         00000000000000000000000 00000000000000000000000 00000000000000000000000000000000000000                                                                                
3410006300029G 01341989592000013000010909068141002062668680002000170293000155CAPIVARA FREIOS PECAS SERV LTD110120240000000001300000000000000000000943353B         002063          10101122023000000000000039 00000000000000000000000000110120241
3410006300030H 010000000000000000                                         00000000000000000000000 00000000000000000000000 00000000000000000000000000000000000000                                                                                
3410006300031G 01341989606000006930610900075684585416474110002010158356000101CPX DISTRIBUIDORA SA          25012024000000000069306000000000000000090001053702     085415          10101122023000000000000162 00000000000000000000000000250120241
3410006300032H 010000000000000000                                         00000000000000000000000 00000000000000000000000126012024000000000001386000000000000000                                                                                
3410006300033G 01341979606000005737710900075690285416474110002010158356000101CPX DISTRIBUIDORA SA          25012024000000000057377000000000000000090001053802     085415          10101122023000000000000134 00000000000000000000000000250120241
3410006300034H 010000000000000000                                         00000000000000000000000 00000000000000000000000126012024000000000001147000000000000000                                                                                
3410006300035G 01341929606000008750010966370089803556426610002047964168000180RODOPECAS LTDA EPP            25012024000000000087500000000000000000090053145-BD     003558          10101122023000000000000292 00000000000000000000000000250120241
3410006300036H 010000000000000000                                         00000000000000000000000 00000000000000000000000125012024000000000001750000000000000000                                                                                
3410006300037G 01341919611000031175710900014285287459986100002014021473000260INTERCAMBIO PECAS E SERVICOS E30012024000000000311757000000000000000090004643-02     087452          10101122023000000000000374 00000000000000000000000000300120241
3410006300038H 010000000000000000                                         00000000000000000000000 00000000000000000000000130012024000000000006235000000000000000                                                                                
3410006300039G 01341969611000006324310900014289487459986100002014021473000260INTERCAMBIO PECAS E SERVICOS E30012024000000000063243000000000000000090004349-02     087452          10101122023000000000000076 00000000000000000000000000300120241
3410006300040H 010000000000000000                                         00000000000000000000000 00000000000000000000000130012024000000000001265000000000000000                                                                                
3410006300041G 01341929634000006930610900075685285416474110002010158356000101CPX DISTRIBUIDORA SA          22022024000000000069306000000000000000090001053703     085415          10101122023000000000000162 00000000000000000000000000220220241
3410006300042H 010000000000000000                                         00000000000000000000000 00000000000000000000000123022024000000000001386000000000000000                                                                                
3410006300043G 01341959634000005737710900075691085416474110002010158356000101CPX DISTRIBUIDORA SA          22022024000000000057377000000000000000090001053803     085415          10101122023000000000000134 00000000000000000000000000220220241
3410006300044H 010000000000000000                                         00000000000000000000000 00000000000000000000000123022024000000000001147000000000000000                                                                                
3410006300045G 01341919641000031175710900014286087459986100002014021473000260INTERCAMBIO PECAS E SERVICOS E29022024000000000311757000000000000000090004643-03     087452          10101122023000000000000374 00000000000000000000000000290220241
3410006300046H 010000000000000000                                         00000000000000000000000 00000000000000000000000129022024000000000006235000000000000000                                                                                
3410006300047G 01341919641000006324310900014290287459986100002014021473000260INTERCAMBIO PECAS E SERVICOS E29022024000000000063243000000000000000090004349-03     087452          10101122023000000000000076 00000000000000000000000000290220241
3410006300048H 010000000000000000                                         00000000000000000000000 00000000000000000000000129022024000000000001265000000000000000                                                                                
3410006300049G 01341919662000006930610900075686085416474110002010158356000101CPX DISTRIBUIDORA SA          21032024000000000069306000000000000000090001053704     085415          10101122023000000000000162 00000000000000000000000000210320241
3410006300050H 010000000000000000                                         00000000000000000000000 00000000000000000000000122032024000000000001386000000000000000                                                                                
3410006300051G 01341919662000005737710900075692885416474110002010158356000101CPX DISTRIBUIDORA SA          21032024000000000057377000000000000000090001053804     085415          10101122023000000000000134 00000000000000000000000000210320241
3410006300052H 010000000000000000                                         00000000000000000000000 00000000000000000000000122032024000000000001147000000000000000                                                                                
3410006300053G 01341969671000031175710900014287887459986100002014021473000260INTERCAMBIO PECAS E SERVICOS E30032024000000000311757000000000000000090004643-04     087452          10101122023000000000000374 00000000000000000000000000300320241
3410006300054H 010000000000000000                                         00000000000000000000000 00000000000000000000000130032024000000000006235000000000000000                                                                                
3410006300055G 01341999671000006324310900014291087459986100002014021473000260INTERCAMBIO PECAS E SERVICOS E30032024000000000063243000000000000000090004349-04     087452          10101122023000000000000076 00000000000000000000000000300320241
3410006300056H 010000000000000000                                         00000000000000000000000 00000000000000000000000130032024000000000001265000000000000000                                                                                
3410006300057G 01341959690000006930610900075687885416474110002010158356000101CPX DISTRIBUIDORA SA          18042024000000000069306000000000000000090001053705     085415          10101122023000000000000162 00000000000000000000000000180420241
3410006300058H 010000000000000000                                         00000000000000000000000 00000000000000000000000119042024000000000001386000000000000000                                                                                
3410006300059G 01341989690000005737710900075693685416474110002010158356000101CPX DISTRIBUIDORA SA          18042024000000000057377000000000000000090001053805     085415          10101122023000000000000134 00000000000000000000000000180420241
3410006300060H 010000000000000000                                         00000000000000000000000 00000000000000000000000119042024000000000001147000000000000000                                                                                
3410006300061G 01341959718000006947110900075688685416474110002010158356000101CPX DISTRIBUIDORA SA          16052024000000000069471000000000000000090001053706     085415          10101122023000000000000162 00000000000000000000000000160520241
3410006300062H 010000000000000000                                         00000000000000000000000 00000000000000000000000117052024000000000001389000000000000000                                                                                
3410006300063G 01341929718000005751510900075694485416474110002010158356000101CPX DISTRIBUIDORA SA          16052024000000000057515000000000000000090001053806     085415          10101122023000000000000134 00000000000000000000000000160520241
3410006300064H 010000000000000000                                         00000000000000000000000 00000000000000000000000117052024000000000001150000000000000000                                                                                
34100065         000066000000000003549844000000000000000000                                                                                                                                                                                     
34100071I0300022 2015665528001200                    00000 000000000000  CARGO POLO C L T EIRELI                                                                                                                                                
3410007300001G 01341939576000008791610910030655302003584630002095375341000158BATERIAS CENTRAL LTDA         261220230000000000879160000000000000000927423          002006          10101122023000000000000190 00000000000000000000000000261220231
3410007300002H 010000000000000000                                         00000000000000000000000 00000000000000000000000126122023000000000001758000000000000000                                                                                
3410007300003G 01341999578000005200010900029673438110267840002085496941000110LUIZ COLOMBO JUNIOR E CIA LTDA28122023000000000052000000000000000000090016864/1      038117          10101122023000000000000104 00000000000000000000000000281220231
3410007300004H 010000000000000000                                         00000000000000000000000 00000000000000000000000 00000000000000000000000000000000000000                                                                                
3410007300005G 01341979579000020200010910030658702003584630002095375341000158BATERIAS CENTRAL LTDA         291220230000000002020000000000000000000927426          002006          10101122023000000000000438 00000000000000000000000000291220231
3410007300006H 010000000000000000                                         00000000000000000000000 00000000000000000000000129122023000000000004040000000000000000                                                                                
3410007300007G 01341929579000004553010900037221538105673170002006225442000384FELIMP COMERCIO P LIMPEZA LTDA2912202300000000004553000000000000000009000413211      038109          10101122023000000000000076 00000000000000000000000000291220231
3410007300008H 010000000000000000                                         00000000000000000000000 00000000000000000000000130122023000000000000910000000000000000                                                                                
3410007300009G 01341969608000005200010900029674238110267840002085496941000110LUIZ COLOMBO JUNIOR E CIA LTDA27012024000000000052000000000000000000090016864/2      038117          10101122023000000000000104 00000000000000000000000000270120241
3410007300010H 010000000000000000                                         00000000000000000000000 00000000000000000000000 00000000000000000000000000000000000000                                                                                
34100075         000012000000000000439446000000000000000000                                                                                                                                                                                     
34199999         000007000340                                                                                                                                                                                                                   
