34100000         242564951000133                    00000 000000000000  GCP SERVICOS LOG SOL TRANSP LTBANCO ITAU S.A.                         204122023065508000001084                                                                          
34100011I0300022 2042564951000133                    00000 000000000000  GCP SERVICOS LOG SOL TRANSP LT                                                                                                                                         
3410001300001G 01341939565000064125010900108970331792258200002010552544000110BANCODOC GESTAO I D LTDA      15122023000000000641250000000000000000090000062215     031799          10801122023000000000000214 00000000000000000000000000151220231
3410001300002H 010000000000000000                                         00000000000000000000000 00000000000000000000000115122023000000000012825000000000000000                                                                                
34100015         000004000000000000641250000000000000000000                                                                                                                                                                                     
34199999         000001000006                                                                                                                                                                                                                   
