34100000         228537185000197                    00000 000000000000  BS LOGISTICA SA               BANCO ITAU S.A.                         204122023053614000002084                                                                          
34100011I0300022 2028537185000197                    00000 000000000000  BS LOGISTICA SA                                                                                                                                                        
3410001300001G 01341999561000004941710905011221003680165980002051195790000149PERIM COM DE AUTO PECAS LTDA  1112202300000000004941700000000000000009179730-1       003681          10104122023000000000000132 00000000000000000000000000111220231
3410001300002H 010000000000000000                                         00000000000000000000000 00000000000000000000000111122023000000000000988000000000000000                                                                                
3410001300003G 01341959561000012425510905011265703680165980002051195790000149PERIM COM DE AUTO PECAS LTDA  1112202300000000012425500000000000000009179766-1       003681          10104122023000000000000331 00000000000000000000000000111220231
3410001300004H 010000000000000000                                         00000000000000000000000 00000000000000000000000111122023000000000002485000000000000000                                                                                
3410001300005G 01341919561000014838110905011295403680165980002051195790000149PERIM COM DE AUTO PECAS LTDA  1112202300000000014838100000000000000009179792-1       003681          10104122023000000000000396 00000000000000000000000000111220231
3410001300006H 010000000000000000                                         00000000000000000000000 00000000000000000000000111122023000000000002967000000000000000                                                                                
34100015         000008000000000000322053000000000000000000                                                                                                                                                                                     
34100021I0300022 2028537185000278                    00000 000000000000  BS LOGISTICA SA                                                                                                                                                        
3410002300001G 01341999568000020400015700040294901482179790002002854856000150LAVA JATO JARDIM AMERICA LTDA 18122023000000000204000000000000000000092169           001487          10803122023000000000000088 00000000000000000000000000181220231
3410002300002H 010000000000000000                                         00000000000000000000000 00000000000000000000000118122023000000000004080000000000000000                                                                                
3410002300003G 01341999574000039000015700000752292789898360002049494128000148WN AUTO PECAS E ACESSORIOS    2412202300000000039000000000000000000009               092783          10104122023000000000000130 00000000000000000000000000241220231
3410002300004H 010000000000000000                                         00000000000000000000000 00000000000000000000000124122023000000000007800000000000000000                                                                                
34100025         000006000000000000594000000000000000000000                                                                                                                                                                                     
34199999         000002000016                                                                                                                                                                                                                   
