34100000         228537185000278                    00000 000000000000  BS LOGISTICA SA               BANCO ITAU S.A.                         206122023053432000003084                                                                          
34100011I0300022 2028537185000278                    00000 000000000000  BS LOGISTICA SA                                                                                                                                                        
3410001300001G 01341939561000011000010900255000316119960730002027499993000144AUTO PECAS UBERLANDIA EIRELI  1112202300000000011000000000000000000009     29426     016113          10105122023000000000000363 00000000000000000000000000111220231
3410001300002H 010000000000000000                                         00000000000000000000000 00000000000000000000000111122023000000000002200000000000000000                                                                                
34100015         000004000000000000110000000000000000000000                                                                                                                                                                                     
34199999         000001000006                                                                                                                                                                                                                   
