34100000         215665528000157                    00000 000000000000  CARGO POLO C L T EIRELI       BANCO ITAU S.A.                         206122023043649000003084                                                                          
34100011I0300022 2015665528000157                    00000 000000000000  CARGO POLO C L T EIRELI                                                                                                                                                
3410001300001G 02237979491000131000060120900000000726000852502043004070000120GGM LOCACOES                  021020230000000013100000000000000000000992             000000          10412092023000000000000144 00000000000000000000000000011220231
3410001300002H 020000000000000000                                         00000000000000000000000 00000000000000000000000203102023000000000000200000000000000000                                                                                
3410001300003G 01341919514000006247810900000564207100834860002023083064000107E-MATRIZ LOCADORA VEICULOSLTDA25102023000000000062478000000000000000092027           007104          11005122023000000000000021 00000000000000000000000000251020231
3410001300004H 010000000000000000                                         00000000000000000000000 00000000000000000000000125102023000000000001249000000000000000                                                                                
3410001300005G 01341919514000011738810900000576607100834860002023083064000107E-MATRIZ LOCADORA VEICULOSLTDA25102023000000000117388000000000000000092093           007104          11005122023000000000000039 00000000000000000000000000251020231
3410001300006H 010000000000000000                                         00000000000000000000000 00000000000000000000000125102023000000000002347000000000000000                                                                                
3410001300007G 01341919514000006247810900000646707100834860002023083064000107E-MATRIZ LOCADORA VEICULOSLTDA25102023000000000062478000000000000000092027           007104          11005122023000000000000021 00000000000000000000000000251020231
3410001300008H 010000000000000000                                         00000000000000000000000 00000000000000000000000125102023000000000001249000000000000000                                                                                
3410001300009G 01341959514000011738810900000668107100834860002023083064000107E-MATRIZ LOCADORA VEICULOSLTDA25102023000000000117388000000000000000092093           007104          11005122023000000000000039 00000000000000000000000000251020231
3410001300010H 010000000000000000                                         00000000000000000000000 00000000000000000000000125102023000000000002347000000000000000                                                                                
3410001300011G 01341919516000002117410900000600407100834860002023083064000107E-MATRIZ LOCADORA VEICULOSLTDA27102023000000000021174000000000000000092160           007104          11005122023000000000000007 00000000000000000000000000271020231
3410001300012H 010000000000000000                                         00000000000000000000000 00000000000000000000000127102023000000000000423000000000000000                                                                                
3410001300013G 01341929516000002117410900000705107100834860002023083064000107E-MATRIZ LOCADORA VEICULOSLTDA27102023000000000021174000000000000000092160           007104          11005122023000000000000007 00000000000000000000000000271020231
3410001300014H 010000000000000000                                         00000000000000000000000 00000000000000000000000127102023000000000000423000000000000000                                                                                
3410001300015G 01341959519000004685710900000597207100834860002023083064000107E-MATRIZ LOCADORA VEICULOSLTDA30102023000000000046857000000000000000092142           007104          11005122023000000000000016 00000000000000000000000000301020231
3410001300016H 010000000000000000                                         00000000000000000000000 00000000000000000000000130102023000000000000937000000000000000                                                                                
3410001300017G 01341939519000004685710900000702807100834860002023083064000107E-MATRIZ LOCADORA VEICULOSLTDA30102023000000000046857000000000000000092142           007104          11005122023000000000000016 00000000000000000000000000301020231
3410001300018H 010000000000000000                                         00000000000000000000000 00000000000000000000000130102023000000000000937000000000000000                                                                                
3410001300019G 01341919521000085332310900000557607100834860002023083064000107E-MATRIZ LOCADORA VEICULOSLTDA01112023000000000853323000000000000000091858           007104          11005122023000000000000284 00000000000000000000000000011120231
3410001300020H 010000000000000000                                         00000000000000000000000 00000000000000000000000101112023000000000017066000000000000000                                                                                
3410001300021G 01341949521000085332310900000632707100834860002023083064000107E-MATRIZ LOCADORA VEICULOSLTDA01112023000000000853323000000000000000091858           007104          11005122023000000000000284 00000000000000000000000000011120231
3410001300022H 010000000000000000                                         00000000000000000000000 00000000000000000000000101112023000000000017066000000000000000                                                                                
3410001300023G 01341939521000002094610900000684807100834860002023083064000107E-MATRIZ LOCADORA VEICULOSLTDA01112023000000000020946000000000000000092302           007104          11005122023000000000000007 00000000000000000000000000011120231
3410001300024H 010000000000000000                                         00000000000000000000000 00000000000000000000000101112023000000000000418000000000000000                                                                                
3410001300025G 01341919521000002094610900000755607100834860002023083064000107E-MATRIZ LOCADORA VEICULOSLTDA01112023000000000020946000000000000000092302           007104          11005122023000000000000007 00000000000000000000000000011120231
3410001300026H 010000000000000000                                         00000000000000000000000 00000000000000000000000101112023000000000000418000000000000000                                                                                
3410001300027G 02033969526000000360099410589900000026839801012002584924004529ICH ADMINISTRACAO DE HOTEIS LT061120230000000000036000000000000000000974068 2NE      000000          10218102023000000000000000 00000000000000000000000000041220235
3410001300028H 020000000000000000                                         00000000000000000000000 00000000000000000000000301010001000000000000000000000000000000                                                                                
3410001300029G 01341929527000004189210900000686307100834860002023083064000107E-MATRIZ LOCADORA VEICULOSLTDA07112023000000000041892000000000000000092303           007104          11005122023000000000000014 00000000000000000000000000071120231
3410001300030H 010000000000000000                                         00000000000000000000000 00000000000000000000000107112023000000000000837000000000000000                                                                                
3410001300031G 01341999527000004189210900000756407100834860002023083064000107E-MATRIZ LOCADORA VEICULOSLTDA07112023000000000041892000000000000000092303           007104          11005122023000000000000014 00000000000000000000000000071120231
3410001300032H 010000000000000000                                         00000000000000000000000 00000000000000000000000107112023000000000000837000000000000000                                                                                
3410001300033G 02001919544000063736500000028365850115235943172000000000490695BANCO DO BRASIL S.A. . SETOR P24112023000000000637365000000000000000090200001470     000000          10225102023000000000000000 00000000000000000000000000291120235
3410001300034H 022051174001000193TRIBUNAL DE JUSTICA. SP                  00000000000000000000000 00000000000000000000000301010001000000000000000000000000000000                                                                                
3410001300035G 01341999545000020000010900000641807100834860002023083064000107E-MATRIZ LOCADORA VEICULOSLTDA25112023000000000200000000000000000000092256           007104          11005122023000000000000067 00000000000000000000000000251120231
3410001300036H 010000000000000000                                         00000000000000000000000 00000000000000000000000125112023000000000004000000000000000000                                                                                
3410001300037G 01341919545000001626310900000645907100834860002023083064000107E-MATRIZ LOCADORA VEICULOSLTDA25112023000000000016263000000000000000092262           007104          11005122023000000000000005 00000000000000000000000000251120231
3410001300038H 010000000000000000                                         00000000000000000000000 00000000000000000000000125112023000000000000325000000000000000                                                                                
3410001300039G 01341979545000020000010900000732507100834860002023083064000107E-MATRIZ LOCADORA VEICULOSLTDA25112023000000000200000000000000000000092256           007104          11005122023000000000000067 00000000000000000000000000251120231
3410001300040H 010000000000000000                                         00000000000000000000000 00000000000000000000000125112023000000000004000000000000000000                                                                                
3410001300041G 01341949545000001626310900000734107100834860002023083064000107E-MATRIZ LOCADORA VEICULOSLTDA25112023000000000016263000000000000000092262           007104          11005122023000000000000005 00000000000000000000000000251120231
3410001300042H 010000000000000000                                         00000000000000000000000 00000000000000000000000125112023000000000000325000000000000000                                                                                
3410001300043G 02401929550000006999920233220000000000000066702010885840000132FRETEBRAS INTERNET E SERVICOS 3011202300000000006999900000000000000009               000000          10318112023000000000000023125112023000000000003499000301220231
3410001300044H 020000000000000000                                         00000000000000000000000 00000000000000000000000201122023000000000000200000000000000000                                                                                
3410001300045G 02403919551000006740000000430596560063959275012037880206000163CORA SCD SA                   0112202300000000006740000000000000000009               000000          10410112023000000000000500 00000000000000000000000000290220243
3410001300046H 022043059656000192AUTO ELETRICA 7 ESTRADAS                 00000000000000000000000 00000000000000000000000104122023000000000002000000000000000000                                                                                
3410001300047G 02001939554000005279900000023777150001266562172074607839000129DIPECARR DISTR DE PECAS E ACES04122023000000000052799000000000000000090003234858     000000          10203102023000000000000179 00000000000000000000000000010620241
3410001300048H 020000000000000000                                         00000000000000000000000 00000000000000000000000301010001000000000000000000000000000000                                                                                
3410001300049G 02001919554000024463300000023777150001268433172074607839000129DIPECARR DISTR DE PECAS E ACES04122023000000000244633000000000000000090003237812     000000          10205102023000000000000831 00000000000000000000000000010620241
3410001300050H 020000000000000000                                         00000000000000000000000 00000000000000000000000301010001000000000000000000000000000000                                                                                
3410001300051G 02001999554000030143800000023777150001284972172074607839000129DIPECARR DISTR DE PECAS E ACES04122023000000000301438000000000000000090003266084     000000          10203112023000000000001024 00000000000000000000000000010620241
3410001300052H 020000000000000000                                         00000000000000000000000 00000000000000000000000301010001000000000000000000000000000000                                                                                
3410001300053G 02001979554000005179900000023777150001285013172074607839000129DIPECARR DISTR DE PECAS E ACES04122023000000000051799000000000000000090003266143     000000          10206112023000000000000176 00000000000000000000000000010620241
3410001300054H 020000000000000000                                         00000000000000000000000 00000000000000000000000301010001000000000000000000000000000000                                                                                
3410001300055G 02001959554000012972500000023777150001285840172074607839000129DIPECARR DISTR DE PECAS E ACES04122023000000000129725000000000000000090003267719     000000          10206112023000000000000441 00000000000000000000000000010620241
3410001300056H 020000000000000000                                         00000000000000000000000 00000000000000000000000301010001000000000000000000000000000000                                                                                
3410001300057G 02033949554000069984990211171000000002053201012044915518000201GOMMA DISTRIBUIDORA DE PNEUS L0412202300000000069984900000000000000009582/4          000000          10208082023000000000000240 00000000000000000000000000010620243
3410001300058H 020000000000000000                                         00000000000000000000000 00000000000000000000000105122023000000000013997000000000000000                                                                                
3410001300059G 02033999554000032913090101549000000002382501012044915518000120GOMMA DISTRIBUIDORA DE PNEUS L0412202300000000032913000000000000000009720/2          000000          10204102023000000000000240 00000000000000000000000000010620243
3410001300060H 020000000000000000                                         00000000000000000000000 00000000000000000000000105122023000000000006583000000000000000                                                                                
3410001300061G 02033979554000008870890101549000000002388401012044915518000120GOMMA DISTRIBUIDORA DE PNEUS L0412202300000000008870800000000000000009721/2          000000          10206102023000000000000240 00000000000000000000000000010620243
3410001300062H 020000000000000000                                         00000000000000000000000 00000000000000000000000105122023000000000001774000000000000000                                                                                
3410001300063G 02104929554000079791897655309061810400084537572040011095000163XS5 ADMINISTRADORA DE CONSORCI04122023000000000797918000000000000000094025592292     000000          12204122023000000000000000 00000000000000000000000000061220235
3410001300064H 020000000000000000                                         00000000000000000000000 00000000000000000000000301010001000000000000000000000000000000                                                                                
3410001300065G 02748949555000013400011231003891073745441531022018608567000100ALPHA PEST CONTROL LTDA       051220230000000001340000000000000000000911102          000000          10317112023000000000000000 00000000000000000000000000021220335
3410001300066H 020000000000000000                                         00000000000000000000000 00000000000000000000000301010001000000000000000000000000000000                                                                                
3410001300067G 02341969555000208491287139652090420400130920002017192451000170BANCO ITAUCARD S/A            0512202300000000208491200000000000000009               020404          19905122023000000000000000 00000000000000000000000000051220235
3410001300068H 022015665528000157CARGO POLO C L T EIRELI                  00000000000000000000000 00000000000000000000000301010001000000000000000000000000000000                                                                                
3410001300069G 01341969555000208491287139652090420400130920002017192451000170BANCO ITAUCARD S/A            0512202300000000208491200000000000000009               020404          19905122023000000000000000 00000000000000000000000000051220235
3410001300070H 012015665528000157CARGO POLO C L T EIRELI                  00000000000000000000000 00000000000000000000000301010001000000000000000000000000000000                                                                                
3410001300071G 02341989555000086705487139652210820400130920002017192451000170BANCO ITAUCARD S/A            0512202300000000086705400000000000000009               020404          19905122023000000000000000 00000000000000000000000000051220235
3410001300072H 022015665528000157CARGO POLO C L T EIRELI                  00000000000000000000000 00000000000000000000000301010001000000000000000000000000000000                                                                                
3410001300073G 01341989555000086705487139652210820400130920002017192451000170BANCO ITAUCARD S/A            0512202300000000086705400000000000000009               020404          19905122023000000000000000 00000000000000000000000000051220235
3410001300074H 012015665528000157CARGO POLO C L T EIRELI                  00000000000000000000000 00000000000000000000000301010001000000000000000000000000000000                                                                                
3410001300075G 01341929555000086705487139658629320400130920002017192451000170BANCO ITAUCARD S/A            0512202300000000086705400000000000000009               020404          19905122023000000000000000 00000000000000000000000000051220235
3410001300076H 012015665528000157CARGO POLO C L T EIRELI                  00000000000000000000000 00000000000000000000000301010001000000000000000000000000000000                                                                                
3410001300077G 02341919555000781331287139652078920400130920002017192451000170BANCO ITAUCARD S/A            0512202300000000781331200000000000000009               020404          19905122023000000000000000 00000000000000000000000000051220235
3410001300078H 022015665528000157CARGO POLO C L T EIRELI                  00000000000000000000000 00000000000000000000000301010001000000000000000000000000000000                                                                                
3410001300079G 01341919555000781331287139652078920400130920002017192451000170BANCO ITAUCARD S/A            0512202300000000781331200000000000000009               020404          19905122023000000000000000 00000000000000000000000000051220235
3410001300080H 012015665528000157CARGO POLO C L T EIRELI                  00000000000000000000000 00000000000000000000000301010001000000000000000000000000000000                                                                                
3410001300081G 02341989555000086705487139658647520400130920002017192451000170BANCO ITAUCARD S/A            0512202300000000086705400000000000000009               020404          19905122023000000000000000 00000000000000000000000000051220235
3410001300082H 022015665528000157CARGO POLO C L T EIRELI                  00000000000000000000000 00000000000000000000000301010001000000000000000000000000000000                                                                                
3410001300083G 01341989555000086705487139658647520400130920002017192451000170BANCO ITAUCARD S/A            0512202300000000086705400000000000000009               020404          19905122023000000000000000 00000000000000000000000000051220235
3410001300084H 012015665528000157CARGO POLO C L T EIRELI                  00000000000000000000000 00000000000000000000000301010001000000000000000000000000000000                                                                                
3410001300085G 02237969555000001200004900904900013210002217702066944158000128CASA DO OLEO RIBEIRAO PRETO LT051220230000000000120000000000000000000915928-1        000000          10216112023000000000000032 00000000000000000000000000030220241
3410001300086H 020000000000000000                                         00000000000000000000000 00000000000000000000000206122023000000000000200000000000000000                                                                                
3410001300087G 02748969555000012022411232230811073011691421052072471006000158DESAFIO EMPREENDIMENTOS       05122023000000000120224000000000000000090000002322     000000          10327112023000000000000201105122023000000000010000000021220331
3410001300088H 020000000000000000                                         00000000000000000000000 00000000000000000000000206122023000000000000200000000000000000                                                                                
3410001300089G 02748939555000030745111232230315073011691421002072471006000158DESAFIO EMPREENDIMENTOS       05122023000000000307451000000000000000090000002322     000000          10327112023000000000000513105122023000000000024445000021220331
3410001300090H 020000000000000000                                         00000000000000000000000 00000000000000000000000206122023000000000000200000000000000000                                                                                
3410001300091G 02001949555000005583100000023777150001269110172074607839000129DIPECARR DISTR DE PECAS E ACES05122023000000000055831000000000000000090003238930     000000          10206102023000000000000189 00000000000000000000000000020620241
3410001300092H 020000000000000000                                         00000000000000000000000 00000000000000000000000301010001000000000000000000000000000000                                                                                
3410001300093G 02001949555000005439900000023777150001271011172074607839000129DIPECARR DISTR DE PECAS E ACES05122023000000000054399000000000000000090003242276     000000          10210102023000000000000184 00000000000000000000000000020620241
3410001300094H 020000000000000000                                         00000000000000000000000 00000000000000000000000301010001000000000000000000000000000000                                                                                
3410001300095G 02001969555000017550100000021265297493580100172034028316000103EMPRESA BRASILEIRA DE CORREIOS05122023000000000175501000000000000000092874978        000000          20217112023000000000000000 00000000000000000000000000291120245
3410001300096H 020000000000000000                                         00000000000000000000000 00000000000000000000000301010001000000000000000000000000000000                                                                                
3410001300097G 02033939555000026985090208419000000000030701012022280923000187GOBRAX OMNI BRASIL X LTDA     051220230000000002698500000000000000000912235813       000000          10423112023000000000000100105122023000000000045000000020620243
3410001300098H 022022280923000187GOBRAX OMNI BRASIL X LTDA                00000000000000000000000 00000000000000000000000107122023000000000005397000000000000000                                                                                
3410001300099G 02033949555000008870890101549000000002392201012044915518000120GOMMA DISTRIBUIDORA DE PNEUS L0512202300000000008870800000000000000009723/2          000000          10206102023000000000000240 00000000000000000000000000020620243
3410001300100H 020000000000000000                                         00000000000000000000000 00000000000000000000000106122023000000000001774000000000000000                                                                                
3410001300101G 02237949555000023870800970900058636309003138002046299053000156INEC LTDA                     05122023000000000238708000000000000000090000026969     000000          10209112023000000000000358 00000000000000000000000000030220241
3410001300102H 020000000000000000                                         00000000000000000000000 00000000000000000000000206122023000000000000200000000000000000                                                                                
3410001300103G 02237969555000003880012340900000350495005686102000071675000121LUREX DISTRIBUIDORA           0512202300000000003880000000000000000009269123         000000          10208092023000000000000078 00000000000000000000000000030220241
3410001300104H 020000000000000000                                         00000000000000000000000 00000000000000000000000301010001000000000000000000000000000000                                                                                
3410001300105G 02033959555000003300090051433000000000313701012014261340000180M   M TACOGRAFOS LTDA         05122023000000000033000000000000000000097342           000000          10407112023000000000000800 00000000000000000000000000020620243
3410001300106H 020000000000000000                                         00000000000000000000000 00000000000000000000000107122023000000000000660000000000000000                                                                                
3410001300107G 02748919555000002500011233148604073747462751012023605365000145MD TELECOMUNICACOES LTDA      051220230000000000250000000000000000000936539          000000          10316032023000000000000008 00000000000000000000000000021220331
3410001300108H 020000000000000000                                         00000000000000000000000 00000000000000000000000206122023000000000000200000000000000000                                                                                
3410001300109G 02033919555000007498892392860000000364945401012007976147000160MOVIDA LOCACAO DE VEICULOS S A05122023000000000074988000000000000000090210791842     000000          10214112023000000000000100 00000000000000000000000000030120243
3410001300110H 020000000000000000                                         00000000000000000000000 00000000000000000000000106122023000000000001500000000000000000                                                                                
3410001300111G 02237969555000008125065490932650000006000781202041667458000186MP MANUTENCAO E TRANSPORTE LTD0512202300000000008125000000000000000009125            000000          10222092023000000000000500 00000000000000000000000000030220243
3410001300112H 022041667458000186MP MANUTENCAO E TRANSPORTE LTD           00000000000000000000000 00000000000000000000000206122023000000000000500000000000000000                                                                                
3410001300113G 02237919555000023500033812600882716027000063302018236120000158NU PAGAMENTOS S.A.            0512202300000000023500000000000000000009882716027      000000          10123112023000000000000000 00000000000000000000000000301220235
3410001300114H 022047855502000168DIEGO DE CARVALHO LTDA                   00000000000000000000000 00000000000000000000000301010001000000000000000000000000000000                                                                                
3410001300115G 02237979555000002450900030900001001594002309702003374024000107SOFFNER TECNOLOGIA LTDA       0512202300000000002450900000000000000009D15562-1       000000          10222112023000000000000081 00000000000000000000000000030220241
3410001300116H 020000000000000000                                         00000000000000000000000 00000000000000000000000206122023000000000000500000000000000000                                                                                
3410001300117G 02033979555000308333390160255000000001837601012041613515000144WEB CARRETAS MONTAGEM IND PECA0512202300000000308333300000000000000009000861/2       000000          10209102023000000000000300 00000000000000000000000000020620243
3410001300118H 020000000000000000                                         00000000000000000000000 00000000000000000000000106122023000000000061667000000000000000                                                                                
3410001300119G 31756919554000008800013191010241555000339170012020465798000154SYG LOG SERVICOS EMPRESARIAIS 0712202300000000008800000000000000000009CTE 13683      000000          10324112023000000000000000 00000000000000000000000000020120245
3410001300120H 310000000000000000                                         00000000000000000000000 00000000000000000000000301010001000000000000000000000000000000                                                                                
3410001300121G 01748989561000029580011600000087071838094791002050990178000103ALLYF M RODRIGUES BEZERRA     111220230000000002958000000000000000000944             000000          19905122023000000000000000 00000000000000000000000000081220335
3410001300122H 010000000000000000                                         00000000000000000000000 00000000000000000000000301010001000000000000000000000000000000                                                                                
3410001300123G 01756939563000007000013188013496287000538390012015219639000130A C FERREIRA BOMBAS INJETORAS 13122023000000000070000000000000000000092311280000     000000          10205122023000000000000120 00000000000000000000000000021220333
3410001300124H 010000000000000000                                         00000000000000000000000 00000000000000000000000214122023000000000000200000000000000000                                                                                
3410001300125G 02001989565000004716200000028444932200711965172043052497000102DEPARTAMENTO DE ESTRADAS DE RO1512202300000000004716200000000000000009               000000          10405122023000000000000000 00000000000000000000000000151220235
3410001300126H 020000000000000000                                         00000000000000000000000 00000000000000000000000301010001000000000000000000000000000000                                                                                
3410001300127G 01001989565000004716200000028444932200711965172043052497000102DEPARTAMENTO DE ESTRADAS DE RO1512202300000000004716200000000000000009               000000          10405122023000000000000000 00000000000000000000000000151220235
3410001300128H 010000000000000000                                         00000000000000000000000 00000000000000000000000301010001000000000000000000000000000000                                                                                
3410001300129G 01341949565000050000015700040674885960614190002030557316000140ERICA MARIANO S I ADVOCACIA   1512202300000000050000000000000000000009710            085969          10105122023000000000000000 0000000000000000000000000015122023 
3410001300130H 010000000000000000                                         00000000000000000000000 00000000000000000000000 00000000000000000000000000000000000000                                                                                
3410001300131G 01237979565000001475219010900000011395004471202010243226000177GADE SOLUTION                 1512202300000000001475200000000000000009218413 1       000000          10205122023000000000000028 00000000000000000000000000130220241
3410001300132H 010000000000000000                                         00000000000000000000000 00000000000000000000000216122023000000000000200000000000000000                                                                                
3410001300133G 01237989565000095000033812600882835018000063302018236120000158NU PAGAMENTOS S.A.            1512202300000000095000000000000000000009882835018      000000          10105122023000000000000000 00000000000000000000000000090120245
3410001300134H 012047855502000168DIEGO DE CARVALHO LTDA                   00000000000000000000000 00000000000000000000000301010001000000000000000000000000000000                                                                                
3410001300135G 01748919569000019246011232062206071072116211062019502017000175J P R TRINDADE AUTO ELETRICA L19122023000000000192460000000000000000090000000000     000000          10305122023000000000000321 00000000000000000000000000161220331
3410001300136H 010000000000000000                                         00000000000000000000000 00000000000000000000000220122023000000000000600000000000000000                                                                                
3410001300137G 01748939569000001590011232062192071072116211042019502017000175J P R TRINDADE AUTO ELETRICA L19122023000000000015900000000000000000090000000000     000000          10305122023000000000000027 00000000000000000000000000161220331
3410001300138H 010000000000000000                                         00000000000000000000000 00000000000000000000000220122023000000000000600000000000000000                                                                                
3410001300139G 01756979569000035820013188014115767000039910012008667058000103S VETTORAZZI HOTEL            19122023000000000358200000000000000000091346           000000          10205122023000000000000200 00000000000000000000000000170320243
3410001300140H 010000000000000000                                         00000000000000000000000 00000000000000000000000220122023000000000000200000000000000000                                                                                
3410001300141G 01756989569000035820013188014115767000040050012008667058000103S VETTORAZZI HOTEL            19122023000000000358200000000000000000091346           000000          10205122023000000000000200 00000000000000000000000000170320243
3410001300142H 010000000000000000                                         00000000000000000000000 00000000000000000000000220122023000000000000200000000000000000                                                                                
3410001300143G 01756969569000035820013188014115767000040120012008667058000103S VETTORAZZI HOTEL            19122023000000000358200000000000000000091346           000000          10205122023000000000000200 00000000000000000000000000170320243
3410001300144H 010000000000000000                                         00000000000000000000000 00000000000000000000000220122023000000000000200000000000000000                                                                                
3410001300145G 01341919571000001760010900062492106231965400002067725028000167RIBEIRAO DISTRIBUIDORA MOLAS  211220230000000000176000000000000000000952977          006239          10105122023000000000000034 00000000000000000000000000211220231
3410001300146H 010000000000000000                                         00000000000000000000000 00000000000000000000000121122023000000000000352000000000000000                                                                                
3410001300147G 01001999575000010988400000028023120040936663172064555626000147AO3 TECNOLOGIA LTDA.          251220230000000001098840000000000000000940936663       000000          10405122023000000000000033 00000000000000000000000000230320241
3410001300148H 010000000000000000                                         00000000000000000000000 00000000000000000000000226122023000000000000200000000000000000                                                                                
3410001300149G 01341919575000001561810900000546907100834860002023083064000107E-MATRIZ LOCADORA VEICULOSLTDA25122023000000000015618000000000000000092229           007104          11005122023000000000000005 00000000000000000000000000251220231
3410001300150H 010000000000000000                                         00000000000000000000000 00000000000000000000000125122023000000000000312000000000000000                                                                                
3410001300151G 01341979577000014000015700003113074939981860002040758092000198L C DA SILVA RENOVADORA       2712202300000000014000000000000000000009263/1          074930          10105122023000000000000140 00000000000000000000000000271220231
3410001300152H 012040758092000198L C RENOVADORA DE PNEUS EIRELI           00000000000000000000000 00000000000000000000000127122023000000000002800000000000000000                                                                                
3410001300153G 01341949577000015000015700003115574939981860002040758092000198L C DA SILVA RENOVADORA       2712202300000000015000000000000000000009264/1          074930          10105122023000000000000150 00000000000000000000000000271220231
3410001300154H 012040758092000198L C RENOVADORA DE PNEUS EIRELI           00000000000000000000000 00000000000000000000000127122023000000000003000000000000000000                                                                                
3410001300155G 01756919578000018500013188013496287000535770012015219639000130A C FERREIRA BOMBAS INJETORAS 28122023000000000185000000000000000000092311220000     000000          10205122023000000000000120 00000000000000000000000000021220333
3410001300156H 010000000000000000                                         00000000000000000000000 00000000000000000000000229122023000000000000200000000000000000                                                                                
3410001300157G 01756979578000037799613188013496287000538210012015219639000130A C FERREIRA BOMBAS INJETORAS 28122023000000000377996000000000000000092311280000     000000          10205122023000000000000120 00000000000000000000000000021220333
3410001300158H 010000000000000000                                         00000000000000000000000 00000000000000000000000229122023000000000000200000000000000000                                                                                
3410001300159G 01756929578000003600013214014133277000155700012018604945000188ANHANGUERA COMERCIO DE PECAS E28122023000000000036000000000000000000092166           000000          10205122023000000000000333 00000000000000000000000000240620243
3410001300160H 010000000000000000                                         00000000000000000000000 00000000000000000000000229122023000000000000200000000000000000                                                                                
3410001300161G 01756929578000003576013214014133277000155880012018604945000188ANHANGUERA COMERCIO DE PECAS E28122023000000000035760000000000000000092170           000000          10205122023000000000000333 00000000000000000000000000240620243
3410001300162H 010000000000000000                                         00000000000000000000000 00000000000000000000000229122023000000000000200000000000000000                                                                                
3410001300163G 01237919578000011666833760200000104410001780302056124506000167DINATEC PECAS E SERVICOS LTDA 2812202300000000011666800000000000000009464266 1       000000          30205122023000000000000311 00000000000000000000000000260420241
3410001300164H 010000000000000000                                         00000000000000000000000 00000000000000000000000229122023000000000000200000000000000000                                                                                
3410001300165G 01341919578000496628510900018392085763158430002003831403000170TRANSMARONI TRANSP BR ROD LT  2812202300000000496628500000000000000009394595         085761          10105122023000000000004139 00000000000000000000000000281220231
3410001300166H 010000000000000000                                         00000000000000000000000 00000000000000000000000128122023000000000099325000000000000000                                                                                
3410001300167G 01341919578001552635010900018394685763158430002003831403000170TRANSMARONI TRANSP BR ROD LT  2812202300000001552635000000000000000009394722         085761          10105122023000000000012939 00000000000000000000000000281220231
3410001300168H 010000000000000000                                         00000000000000000000000 00000000000000000000000128122023000000000310527000000000000000                                                                                
3410001300169G 01341919578000320000010900018400185763158430002003831403000170TRANSMARONI TRANSP BR ROD LT  2812202300000000320000000000000000000009394359         085761          10105122023000000000002667 00000000000000000000000000281220231
3410001300170H 010000000000000000                                         00000000000000000000000 00000000000000000000000128122023000000000064000000000000000000                                                                                
3410001300171G 01341989578000492000010900018404385763158430002003831403000170TRANSMARONI TRANSP BR ROD LT  2812202300000000492000000000000000000009394273         085761          10105122023000000000004100 00000000000000000000000000281220231
3410001300172H 010000000000000000                                         00000000000000000000000 00000000000000000000000128122023000000000098400000000000000000                                                                                
3410001300173G 01341949578000990000010900018408485763158430002003831403000170TRANSMARONI TRANSP BR ROD LT  2812202300000000990000000000000000000009394695         085761          10105122023000000000008250 00000000000000000000000000281220231
3410001300174H 010000000000000000                                         00000000000000000000000 00000000000000000000000128122023000000000198000000000000000000                                                                                
3410001300175G 01341919578000154500010900018409285763158430002003831403000170TRANSMARONI TRANSP BR ROD LT  2812202300000000154500000000000000000009394374         085761          10105122023000000000001288 00000000000000000000000000281220231
3410001300176H 010000000000000000                                         00000000000000000000000 00000000000000000000000128122023000000000030900000000000000000                                                                                
3410001300177G 01237949579000012526704900904900013900002217702066944158000128CASA DO OLEO RIBEIRAO PRETO LT291220230000000001252670000000000000000916714-1        000000          10205122023000000000000338 00000000000000000000000000270220241
3410001300178H 010000000000000000                                         00000000000000000000000 00000000000000000000000230122023000000000000200000000000000000                                                                                
3410001300179G 31001989579000007000000000029821950000086046172026576031000189SHOW DISTRIBUIDORA AUTOMOTIVA 291220230000000000700000000000000000000995809.1        000000          20204122023000000000000140 00000000000000000000000000280320241
3410001300180H 310000000000000000                                         00000000000000000000000 00000000000000000000000230122023000000000000200000000000000000                                                                                
3410001300181G 01237929580000006250033760900000167613000780302056124506000167DINATEC PECAS E SERVICOS EIREL3012202300000000006250000000000000000009464672 1       000000          10205122023000000000000167 00000000000000000000000000280220241
3410001300182H 010000000000000000                                         00000000000000000000000 00000000000000000000000231122023000000000000200000000000000000                                                                                
3410001300183G 31001959580000010500019110365498323500101372172000169339000116ROMATA . FERRAMENTAS E MAQUINA3012202300000000010500000000000000000009000089724A     000000          40201122023000000000000284 00000000000000000000000000191220251
3410001300184H 310000000000000000                                         00000000000000000000000 00000000000000000000000301010001000000000000000000000000000000                                                                                
3410001300185G 01033949582000007250097295766000000002588801042067737197000117NEWTRUCKS COMERCIAL EIRELI EPP01012024000000000072500000000000000000095467 A         000000          10405122023000000000000800 00000000000000000000000000290620243
3410001300186H 010000000000000000                                         00000000000000000000000 00000000000000000000000301010001000000000000000000000000000000                                                                                
3410001300187G 01033969582000009647597295766000000002588601042067737197000117NEWTRUCKS COMERCIAL EIRELI EPP010120240000000000964750000000000000000924323 A        000000          10205122023000000000000800 00000000000000000000000000290620243
3410001300188H 010000000000000000                                         00000000000000000000000 00000000000000000000000301010001000000000000000000000000000000                                                                                
3410001300189G 01341969582000027840010900189620301940940250002002684965000176PETROCAMP DERIV PETROLEO LTDA 01012024000000000278400000000000000000090000005652     001941          10105122023000000000000835 00000000000000000000000000010120241
3410001300190H 010000000000000000                                         00000000000000000000000 00000000000000000000000 00000000000000000000000000000000000000                                                                                
3410001300191G 01341999582000009200010900062587806231965400002067725028000167RIBEIRAO DISTRIBUIDORA MOLAS  010120240000000000920000000000000000000953059          006239          10105122023000000000000180 00000000000000000000000000010120241
3410001300192H 010000000000000000                                         00000000000000000000000 00000000000000000000000101012024000000000001840000000000000000                                                                                
3410001300193G 01341959582000008400010900062590206231965400002067725028000167RIBEIRAO DISTRIBUIDORA MOLAS  010120240000000000840000000000000000000953058          006239          10105122023000000000000165 00000000000000000000000000010120241
3410001300194H 010000000000000000                                         00000000000000000000000 00000000000000000000000101012024000000000001680000000000000000                                                                                
3410001300195G 01341979582000009200010900062592806231965400002067725028000167RIBEIRAO DISTRIBUIDORA MOLAS  010120240000000000920000000000000000000953057          006239          10105122023000000000000180 00000000000000000000000000010120241
3410001300196H 010000000000000000                                         00000000000000000000000 00000000000000000000000101012024000000000001840000000000000000                                                                                
3410001300197G 01001979582000009400000000029821950000086131172026576031000189SHOW DISTRIBUIDORA AUTOMOTIVA 010120240000000000940000000000000000000995951.1        000000          10205122023000000000000188 00000000000000000000000000310320241
3410001300198H 010000000000000000                                         00000000000000000000000 00000000000000000000000202012024000000000000200000000000000000                                                                                
3410001300199G 01001919582000006400000000029821950000086129172026576031000189SHOW DISTRIBUIDORA AUTOMOTIVA 010120240000000000640000000000000000000995950.1        000000          10205122023000000000000128 00000000000000000000000000310320241
3410001300200H 010000000000000000                                         00000000000000000000000 00000000000000000000000202012024000000000000200000000000000000                                                                                
3410001300201G 01237989582000014000033010933390000004002063902023487323000157TOP DIESEL                    010120240000000001400000000000000000000900306          000000          10405122023000000000000100 00000000000000000000000000010320243
3410001300202H 010000000000000000                                         00000000000000000000000 00000000000000000000000202012024000000000000100000000000000000                                                                                
3410001300203G 01033989583000000836192977397000000005735501012065295172000690METODO TELECOMUNICACOES E COME02012024000000000008361000000000000000094120764        000000          10205122023000000000001000 00000000000000000000000000300620243
3410001300204H 010000000000000000                                         00000000000000000000000 00000000000000000000000103012024000000000000167000000000000000                                                                                
3410001300205G 01341919584000118500010904018310612480490560002001836398000163BANCO DAYCOVAL SA             0301202400000000118500000000000000000009043289/1       012484          10105122023000000000004740 00000000000000000000000000030120241
3410001300206H 012001836398000163GM IND PEC SERV E MANUTENCOES            00000000000000000000000 00000000000000000000000 00000000000000000000000000000000000000                                                                                
3410001300207G 01237959584000014000033010933390000006002063902023487323000157TOP DIESEL                    030120240000000001400000000000000000000900305          000000          10205122023000000000000100 00000000000000000000000000030320243
3410001300208H 010000000000000000                                         00000000000000000000000 00000000000000000000000204012024000000000000100000000000000000                                                                                
3410001300209G 01033929584000345000090160255000000002505401012041613515000144WEB CARRETAS MONTAGEM IND PECA0301202400000000345000000000000000000009001212/1       000000          10205122023000000000000300 00000000000000000000000000010720243
3410001300210H 010000000000000000                                         00000000000000000000000 00000000000000000000000104012024000000000069000000000000000000                                                                                
3410001300211G 01033919585000015519997153066000000000695401012015380089000136ECG DE OLIVEIRA AUTO PECAS ME 040120240000000001551990000000000000000974490001       000000          10205122023000000000000200 00000000000000000000000000020720243
3410001300212H 010000000000000000                                         00000000000000000000000 00000000000000000000000107012024000000000003104000000000000000                                                                                
3410001300213G 01033919585000019600097153066000000000695601012015380089000136ECG DE OLIVEIRA AUTO PECAS ME 04012024000000000196000000000000000000094029           000000          10205122023000000000000200 00000000000000000000000000020720243
3410001300214H 010000000000000000                                         00000000000000000000000 00000000000000000000000107012024000000000003920000000000000000                                                                                
3410001300215G 01341989586000008550015700002155502383768830002011754572000182ADRIELE EMENY ALVES RIBEIRO   0501202400000000008550000000000000000009AG1801         002386          11005122023000000000000143 00000000000000000000000000050120241
3410001300216H 010000000000000000                                         00000000000000000000000 00000000000000000000000105012024000000000004275000000000000000                                                                                
3410001300217G 01341919588001299997110960020637902041818120002014525684000150ESSOR SEGUROS                 07012024000000012999971000000000000000093105005566     002048          11705122023000000000004333 00000000000000000000000000070120241
3410001300218H 010000000000000000                                         00000000000000000000000 00000000000000000000000107012024000000000259999000000000000000                                                                                
3410001300219G 01756939593000004280013214014133277000157210012018604945000188ANHANGUERA COMERCIO DE PECAS E12012024000000000042800000000000000000092223           000000          10205122023000000000000333 00000000000000000000000000090720243
3410001300220H 010000000000000000                                         00000000000000000000000 00000000000000000000000213012024000000000000200000000000000000                                                                                
3410001300221G 01756999593000003300013214014133277000157390012018604945000188ANHANGUERA COMERCIO DE PECAS E12012024000000000033000000000000000000092213           000000          10205122023000000000000333 00000000000000000000000000090720243
3410001300222H 010000000000000000                                         00000000000000000000000 00000000000000000000000213012024000000000000200000000000000000                                                                                
3410001300223G 01237969593000008650002400933390000014001734702026676156000180AUTO ELETRICA CEBOLAO         120120240000000000865000000000000000000925395          000000          10205122023000000000000200 00000000000000000000000000120320243
3410001300224H 010000000000000000                                         00000000000000000000000 00000000000000000000000113012024000000000000550000000000000000                                                                                
3410001300225G 01237999593000012526704900904900013901002217702066944158000128CASA DO OLEO RIBEIRAO PRETO LT120120240000000001252670000000000000000916714-2        000000          10205122023000000000000338 00000000000000000000000000120320241
3410001300226H 010000000000000000                                         00000000000000000000000 00000000000000000000000213012024000000000000200000000000000000                                                                                
3410001300227G 01341989597000014000015700003114874939981860002040758092000198L C DA SILVA RENOVADORA       1601202400000000014000000000000000000009263/2          074930          10105122023000000000000140 00000000000000000000000000160120241
3410001300228H 012040758092000198L C RENOVADORA DE PNEUS EIRELI           00000000000000000000000 00000000000000000000000116012024000000000002800000000000000000                                                                                
3410001300229G 01341999597000015000015700003116374939981860002040758092000198L C DA SILVA RENOVADORA       1601202400000000015000000000000000000009264/2          074930          10105122023000000000000150 00000000000000000000000000160120241
3410001300230H 012040758092000198L C RENOVADORA DE PNEUS EIRELI           00000000000000000000000 00000000000000000000000116012024000000000003000000000000000000                                                                                
3410001300231G 01237949607000012526604900904900013902002217702066944158000128CASA DO OLEO RIBEIRAO PRETO LT260120240000000001252660000000000000000916714-3        000000          10205122023000000000000338 00000000000000000000000000260320241
3410001300232H 010000000000000000                                         00000000000000000000000 00000000000000000000000227012024000000000000200000000000000000                                                                                
3410001300233G 01237919607000011666633760200000104411001780302056124506000167DINATEC PECAS E SERVICOS LTDA 2601202400000000011666600000000000000009464266 2       000000          30205122023000000000000311 00000000000000000000000000250520241
3410001300234H 010000000000000000                                         00000000000000000000000 00000000000000000000000227012024000000000000200000000000000000                                                                                
3410001300235G 31001959607000007000000000029821950000086047172026576031000189SHOW DISTRIBUIDORA AUTOMOTIVA 260120240000000000700000000000000000000995809.2        000000          20204122023000000000000140 00000000000000000000000000250420241
3410001300236H 310000000000000000                                         00000000000000000000000 00000000000000000000000227012024000000000000200000000000000000                                                                                
3410001300237G 01756969609000018500013188013496287000535840012015219639000130A C FERREIRA BOMBAS INJETORAS 28012024000000000185000000000000000000092311220000     000000          10205122023000000000000120 00000000000000000000000000021220333
3410001300238H 010000000000000000                                         00000000000000000000000 00000000000000000000000229012024000000000000200000000000000000                                                                                
3410001300239G 01033919610000009647597295766000000002588701042067737197000117NEWTRUCKS COMERCIAL EIRELI EPP290120240000000000964750000000000000000924323 B        000000          10205122023000000000000800 00000000000000000000000000270720243
3410001300240H 010000000000000000                                         00000000000000000000000 00000000000000000000000301010001000000000000000000000000000000                                                                                
3410001300241G 01033919610000007250097295766000000002588901042067737197000117NEWTRUCKS COMERCIAL EIRELI EPP29012024000000000072500000000000000000095467 B         000000          10405122023000000000000800 00000000000000000000000000270720243
3410001300242H 010000000000000000                                         00000000000000000000000 00000000000000000000000301010001000000000000000000000000000000                                                                                
3410001300243G 01341959610000009200010900062588606231965400002067725028000167RIBEIRAO DISTRIBUIDORA MOLAS  290120240000000000920000000000000000000953059          006239          10105122023000000000000180 00000000000000000000000000290120241
3410001300244H 010000000000000000                                         00000000000000000000000 00000000000000000000000129012024000000000001840000000000000000                                                                                
3410001300245G 01341919610000008400010900062591006231965400002067725028000167RIBEIRAO DISTRIBUIDORA MOLAS  290120240000000000840000000000000000000953058          006239          10105122023000000000000165 00000000000000000000000000290120241
3410001300246H 010000000000000000                                         00000000000000000000000 00000000000000000000000129012024000000000001680000000000000000                                                                                
3410001300247G 01341939610000009200010900062593606231965400002067725028000167RIBEIRAO DISTRIBUIDORA MOLAS  290120240000000000920000000000000000000953057          006239          10105122023000000000000180 00000000000000000000000000290120241
3410001300248H 010000000000000000                                         00000000000000000000000 00000000000000000000000129012024000000000001840000000000000000                                                                                
3410001300249G 01001949610000009400000000029821950000086132172026576031000189SHOW DISTRIBUIDORA AUTOMOTIVA 290120240000000000940000000000000000000995951.2        000000          10205122023000000000000188 00000000000000000000000000280420241
3410001300250H 010000000000000000                                         00000000000000000000000 00000000000000000000000230012024000000000000200000000000000000                                                                                
3410001300251G 01001919610000006400000000029821950000086130172026576031000189SHOW DISTRIBUIDORA AUTOMOTIVA 290120240000000000640000000000000000000995950.2        000000          10205122023000000000000128 00000000000000000000000000280420241
3410001300252H 010000000000000000                                         00000000000000000000000 00000000000000000000000230012024000000000000200000000000000000                                                                                
3410001300253G 01341989614000118500010904018311412480490560002001836398000163BANCO DAYCOVAL SA             0202202400000000118500000000000000000009043289/2       012484          10105122023000000000004740 00000000000000000000000000020220241
3410001300254H 012001836398000163GM IND PEC SERV E MANUTENCOES            00000000000000000000000 00000000000000000000000 00000000000000000000000000000000000000                                                                                
3410001300255G 01033999614000345000090160255000000002506201012041613515000144WEB CARRETAS MONTAGEM IND PECA0202202400000000345000000000000000000009001212/2       000000          10205122023000000000000300 00000000000000000000000000310720243
3410001300256H 010000000000000000                                         00000000000000000000000 00000000000000000000000103022024000000000069000000000000000000                                                                                
3410001300257G 01033929616000015519997153066000000000695501012015380089000136ECG DE OLIVEIRA AUTO PECAS ME 040220240000000001551990000000000000000974490002       000000          10205122023000000000000200 00000000000000000000000000020820243
3410001300258H 010000000000000000                                         00000000000000000000000 00000000000000000000000107022024000000000003104000000000000000                                                                                
3410001300259G 01237929637000011666633760200000104412001780302056124506000167DINATEC PECAS E SERVICOS LTDA 2502202400000000011666600000000000000009464266 3       000000          30205122023000000000000311 00000000000000000000000000240620241
3410001300260H 010000000000000000                                         00000000000000000000000 00000000000000000000000226022024000000000000200000000000000000                                                                                
3410001300261G 01341939638000009200010900062589406231965400002067725028000167RIBEIRAO DISTRIBUIDORA MOLAS  260220240000000000920000000000000000000953059          006239          10105122023000000000000180 00000000000000000000000000260220241
3410001300262H 010000000000000000                                         00000000000000000000000 00000000000000000000000126022024000000000001840000000000000000                                                                                
3410001300263G 01341919638000009200010900062594406231965400002067725028000167RIBEIRAO DISTRIBUIDORA MOLAS  260220240000000000920000000000000000000953057          006239          10105122023000000000000180 00000000000000000000000000260220241
3410001300264H 010000000000000000                                         00000000000000000000000 00000000000000000000000126022024000000000001840000000000000000                                                                                
3410001300265G 01756939640000018500013188013496287000535910012015219639000130A C FERREIRA BOMBAS INJETORAS 28022024000000000185000000000000000000092311220000     000000          10205122023000000000000120 00000000000000000000000000021220333
3410001300266H 010000000000000000                                         00000000000000000000000 00000000000000000000000229022024000000000000200000000000000000                                                                                
3410001300267G 01033979644000345000090160255000000002507001012041613515000144WEB CARRETAS MONTAGEM IND PECA0303202400000000345000000000000000000009001212/3       000000          10205122023000000000000300 00000000000000000000000000300820243
3410001300268H 010000000000000000                                         00000000000000000000000 00000000000000000000000104032024000000000069000000000000000000                                                                                
3410001300269G 01756999669000018500013188013496287000536000012015219639000130A C FERREIRA BOMBAS INJETORAS 28032024000000000185000000000000000000092311220000     000000          10205122023000000000000120 00000000000000000000000000021220333
3410001300270H 010000000000000000                                         00000000000000000000000 00000000000000000000000229032024000000000000200000000000000000                                                                                
34100015         000272000000000111443784000000000000000000                                                                                                                                                                                     
34100021I0300022 2015665528000238                    00000 000000000000  CARGO POLO C L T EIRELI                                                                                                                                                
3410002300001G 01341979584000002850010901192415805504517020002035512722000100REDIESEL RECIFE AUTOD LTDA    03012024000000000028500000000000000000091011539-A      005504          10105122023000000000000057 00000000000000000000000000030120241
3410002300002H 010000000000000000                                         00000000000000000000000 00000000000000000000000 00000000000000000000000000000000000000                                                                                
34100025         000004000000000000028500000000000000000000                                                                                                                                                                                     
34100031I0300022 2015665528000580                    00000 000000000000  CARGO POLO C L T EIRELI                                                                                                                                                
3410003300001G 01341999574000002950010900496107429382320850002000251951000133BRAVO CAMINHOES E EMP LTDA    2412202300000000002950000000000000000009000052744      029389          10105122023000000000000020 00000000000000000000000000241220231
3410003300002H 010000000000000000                                         00000000000000000000000 00000000000000000000000125122023000000000000590000000000000000                                                                                
3410003300003G 01341999577000018086510900496399729382320850002000251951000133BRAVO CAMINHOES E EMP LTDA    2712202300000000018086500000000000000009267026/1       029389          10105122023000000000000121 00000000000000000000000000271220231
3410003300004H 010000000000000000                                         00000000000000000000000 00000000000000000000000128122023000000000003617000000000000000                                                                                
3410003300005G 01341919607000018086210900496400329382320850002000251951000133BRAVO CAMINHOES E EMP LTDA    2601202400000000018086200000000000000009267026/2       029389          10105122023000000000000121 00000000000000000000000000260120241
3410003300006H 010000000000000000                                         00000000000000000000000 00000000000000000000000127012024000000000003617000000000000000                                                                                
3410003300007G 01341919637000018086210900496401129382320850002000251951000133BRAVO CAMINHOES E EMP LTDA    2502202400000000018086200000000000000009267026/3       029389          10105122023000000000000121 00000000000000000000000000250220241
3410003300008H 010000000000000000                                         00000000000000000000000 00000000000000000000000126022024000000000003617000000000000000                                                                                
3410003300009G 01341969667000018086210900496402929382320850002000251951000133BRAVO CAMINHOES E EMP LTDA    2603202400000000018086200000000000000009267026/4       029389          10105122023000000000000121 00000000000000000000000000260320241
3410003300010H 010000000000000000                                         00000000000000000000000 00000000000000000000000127032024000000000003617000000000000000                                                                                
34100035         000012000000000000752951000000000000000000                                                                                                                                                                                     
34100041I0300022 2015665528001048                    00000 000000000000  CARGO POLO C L T EIRELI                                                                                                                                                
3410004300001G 01341969572000018500015700041480302788929480002007222850000183POSTO MOLAS S C ITU LTDA ME   22122023000000000185000000000000000000092178           002782          10105122023000000000000364 00000000000000000000000000221220231
3410004300002H 010000000000000000                                         00000000000000000000000 00000000000000000000000122122023000000000003700000000000000000                                                                                
3410004300003G 01341939577000006600015700041481102788929480002007222850000183POSTO MOLAS S C ITU LTDA ME   27122023000000000066000000000000000000092177           002782          10105122023000000000000130 00000000000000000000000000271220231
3410004300004H 010000000000000000                                         00000000000000000000000 00000000000000000000000127122023000000000001320000000000000000                                                                                
3410004300005G 31341929578000026500015700000177064229978220002043355922000124BETEL ELETRODIESEL            2812202300000000026500000000000000000009NF518/571B     064220          10104122023000000000000079 00000000000000000000000000281220231
3410004300006H 310000000000000000                                         00000000000000000000000 00000000000000000000000128122023000000000005300000000000000000                                                                                
3410004300007G 01341919578000110000010900905132826330827020002008793371000180C DIESEL P C A PECAS LTDA ME  281220230000000011000000000000000000000962827/1F       026336          10105122023000000000004400 00000000000000000000000000281220231
3410004300008H 010000000000000000                                         00000000000000000000000 00000000000000000000000 00000000000000000000000000000000000000                                                                                
3410004300009G 01341919578000008499210900007064474671996620002033649854000152JUND CORES C TINTAS LTDA      281220230000000000849920000000000000000900005751       074674          10105122023000000000000057 00000000000000000000000000281220231
3410004300010H 010000000000000000                                         00000000000000000000000 00000000000000000000000128122023000000000001699000000000000000                                                                                
3410004300011G 01341919578000028342610900007065174671996620002033649854000152JUND CORES C TINTAS LTDA      281220230000000002834260000000000000000900005752       074674          10105122023000000000000189 00000000000000000000000000281220231
3410004300012H 010000000000000000                                         00000000000000000000000 00000000000000000000000128122023000000000005668000000000000000                                                                                
3410004300013G 01341919578000002350010900749103000767421880002049554769000140SOROCAP REC SOROCABA LTDA     281220230000000000235000000000000000000997298/1        000760          10105122023000000000000040 00000000000000000000000000281220231
3410004300014H 010000000000000000                                         00000000000000000000000 00000000000000000000000 00000000000000000000000000000000000000                                                                                
3410004300015G 01341959578000011733310900749130300767421880002049554769000140SOROCAP REC SOROCABA LTDA     2812202300000000011733300000000000000009749130         000760          10105122023000000000000199 00000000000000000000000000281220231
3410004300016H 010000000000000000                                         00000000000000000000000 00000000000000000000000 00000000000000000000000000000000000000                                                                                
3410004300017G 01341939585000005200015700000377102329987730002040415784000133MARCELO DE SOUZA LTDA         0401202400000000005200000000000000000009290            002329          10105122023000000000000087 00000000000000000000000000040120241
3410004300018H 010000000000000000                                         00000000000000000000000 00000000000000000000000104012024000000000002600000000000000000                                                                                
3410004300019G 01341989609000011733310900749131100767421880002049554769000140SOROCAP REC SOROCABA LTDA     2801202400000000011733300000000000000009749131         000760          10105122023000000000000199 00000000000000000000000000280120241
3410004300020H 010000000000000000                                         00000000000000000000000 00000000000000000000000 00000000000000000000000000000000000000                                                                                
3410004300021G 01341969640000011733410900749132900767421880002049554769000140SOROCAP REC SOROCABA LTDA     2802202400000000011733400000000000000009749132         000760          10105122023000000000000199 00000000000000000000000000280220241
3410004300022H 010000000000000000                                         00000000000000000000000 00000000000000000000000 00000000000000000000000000000000000000                                                                                
34100045         000024000000000002411918000000000000000000                                                                                                                                                                                     
34199999         000004000314                                                                                                                                                                                                                   
