34100000         215665528000157                    00000 000000000000  CARGO POLO C L T EIRELI       BANCO ITAU S.A.                         211122023041943000006084                                                                          
34100011I0300022 2015665528000157                    00000 000000000000  CARGO POLO C L T EIRELI                                                                                                                                                
3410001300001G 02756999549000005400013188011683632000973930012001455453000175SARTORI COMERCIO DE PISCINAS L291120230000000000540000000000000000000911208          000000          10206112023000000000000600 00000000000000000000000000260220243
3410001300002H 020000000000000000                                         00000000000000000000000 00000000000000000000000230112023000000000000200000000000000000                                                                                
3410001300003G 02001919554000013145900000023777150001285809172074607839000129DIPECARR DISTR DE PECAS E ACES04122023000000000131459000000000000000090003267654     000000          10206112023000000000000446 00000000000000000000000000010620241
3410001300004H 020000000000000000                                         00000000000000000000000 00000000000000000000000301010001000000000000000000000000000000                                                                                
3410001300005G 02077969557000060000000011120614770011669828272035290060000170GO START DIGITAL LTDA         071220230000000006000000000000000000000973884          000000          10207122023000000000000000 00000000000000000000000000071220235
3410001300006H 022035290060000170GO START DIGITAL LTDA                    00000000000000000000000 00000000000000000000000301010001000000000000000000000000000000                                                                                
3410001300007G 02748919558000093575011600000079071838094791042050990178000103ALLYF M RODRIGUES BEZERRA     081220230000000009357500000000000000000944             000000          19923112023000000000000000 00000000000000000000000000051220335
3410001300008H 020000000000000000                                         00000000000000000000000 00000000000000000000000301010001000000000000000000000000000000                                                                                
3410001300009G 02237979558000072833323720900000019630003566602012377080000188ATACADO UNIAO                 08122023000000000728333000000000000000090001557712     000000          10211102023000000000003642 00000000000000000000000000060220241
3410001300010H 020000000000000000                                         00000000000000000000000 00000000000000000000000209122023000000000000200000000000000000                                                                                
3410001300011G 01341969558000891122887139715253320400130920002017192451000170BANCO ITAUCARD S/A            0812202300000000891122800000000000000009               020404          19908122023000000000000000 00000000000000000000000000081220235
3410001300012H 012015665528000157CARGO POLO C L T EIRELI                  00000000000000000000000 00000000000000000000000301010001000000000000000000000000000000                                                                                
3410001300013G 02341919558000154769298631527803619903835620002060701190000104BANCO ITAU UNIBANCO S/A       081220230000000015476920000000000000000979623041       019901          19908122023000000000000000 00000000000000000000000000081220235
3410001300014H 020000000000000000                                         00000000000000000000000 00000000000000000000000301010001000000000000000000000000000000                                                                                
3410001300015G 01341919558000154769298631527803619903835620002060701190000104BANCO ITAU UNIBANCO S/A       081220230000000015476920000000000000000979623041       019901          19908122023000000000000000 00000000000000000000000000081220235
3410001300016H 010000000000000000                                         00000000000000000000000 00000000000000000000000301010001000000000000000000000000000000                                                                                
3410001300017G 02237999558000003200019600900000006680009663002047892320000167C   C COMERCIO DE PNEUS LTDA  0812202300000000003200000000000000000009NP0010412      000000          10210102023000000000000128 00000000000000000000000000060220241
3410001300018H 020000000000000000                                         00000000000000000000000 00000000000000000000000209122023000000000000100000000000000000                                                                                
3410001300019G 02237919558000006385919600900000007199009663002047892320000167C   C COMERCIO DE PNEUS LTDA  0812202300000000006385900000000000000009NP0011441      000000          10224112023000000000000255 00000000000000000000000000060220241
3410001300020H 020000000000000000                                         00000000000000000000000 00000000000000000000000209122023000000000000100000000000000000                                                                                
3410001300021G 02237919558000001300004900904900013052002217702066944158000128CASA DO OLEO RIBEIRAO PRETO LT081220230000000000130000000000000000000915773-1        000000          10213112023000000000000035 00000000000000000000000000060220241
3410001300022H 020000000000000000                                         00000000000000000000000 00000000000000000000000209122023000000000000200000000000000000                                                                                
3410001300023G 02756919558000029350013214016098053000024070012049782513000190EPICAM EQUIPAMENTOS DE PROTECA081220230000000002935000000000000000000900015712       000000          10213112023000000000000800 00000000000000000000000000181220233
3410001300024H 020000000000000000                                         00000000000000000000000 00000000000000000000000209122023000000000000200000000000000000                                                                                
3410001300025G 02033969558000029988090155611000000000856701012004133268000152GANDINI EMPREENDIMENTOS HOTELE081220230000000002998800000000000000000996057 11       000000          10224112023000000000000033 00000000000000000000000000050620243
3410001300026H 020000000000000000                                         00000000000000000000000 00000000000000000000000109122023000000000005998000000000000000                                                                                
3410001300027G 02033919558000001500090155611000000000850801012004133268000152GANDINI EMPREENDIMENTOS HOTELE08122023000000000015000000000000000000092207 2NE       000000          10224112023000000000000033 00000000000000000000000000050620243
3410001300028H 020000000000000000                                         00000000000000000000000 00000000000000000000000109122023000000000000300000000000000000                                                                                
3410001300029G 02033959558000006175099085319000002208165801012056028251000309GAPLAN CAMINHOES LTDA         0812202300000000006175000000000000000009281482-2       000000          10211102023000000000000602 00000000000000000000000000020120243
3410001300030H 020000000000000000                                         00000000000000000000000 00000000000000000000000301010001000000000000000000000000000000                                                                                
3410001300031G 02033969558000005933590101549000000002543701012044915518000120GOMMA DISTRIBUIDORA DE PNEUS L0812202300000000005933500000000000000009771/1          000000          10208112023000000000000238 00000000000000000000000000050620243
3410001300032H 020000000000000000                                         00000000000000000000000 00000000000000000000000109122023000000000001187000000000000000                                                                                
3410001300033G 02033989558000011866990101549000000002546101012044915518000120GOMMA DISTRIBUIDORA DE PNEUS L0812202300000000011866900000000000000009772/1          000000          10208112023000000000000240 00000000000000000000000000050620243
3410001300034H 020000000000000000                                         00000000000000000000000 00000000000000000000000109122023000000000002373000000000000000                                                                                
3410001300035G 01341949558000011688878568428757220405290060002000000776000101ITAU ADMINISTRADORA DE CONSORC0812202300000000011688800000000000000009               020404          19908122023000000000000000 00000000000000000000000000181220235
3410001300036H 010000000000000000                                         00000000000000000000000 00000000000000000000000301010001000000000000000000000000000000                                                                                
3410001300037G 01341999558000007026878568428860420405290060002000000776000101ITAU ADMINISTRADORA DE CONSORC0812202300000000007026800000000000000009               020404          19908122023000000000000000 00000000000000000000000000181220235
3410001300038H 010000000000000000                                         00000000000000000000000 00000000000000000000000301010001000000000000000000000000000000                                                                                
3410001300039G 01341949558000011732178568428789520405290060002000000776000101ITAU ADMINISTRADORA DE CONSORC0812202300000000011732100000000000000009               020404          19908122023000000000000000 00000000000000000000000000181220235
3410001300040H 010000000000000000                                         00000000000000000000000 00000000000000000000000301010001000000000000000000000000000000                                                                                
3410001300041G 01341969558000011732178568428829920405290060002000000776000101ITAU ADMINISTRADORA DE CONSORC0812202300000000011732100000000000000009               020404          19908122023000000000000000 00000000000000000000000000181220235
3410001300042H 010000000000000000                                         00000000000000000000000 00000000000000000000000301010001000000000000000000000000000000                                                                                
3410001300043G 01341939558000011732178568428776220405290060002000000776000101ITAU ADMINISTRADORA DE CONSORC0812202300000000011732100000000000000009               020404          19908122023000000000000000 00000000000000000000000000181220235
3410001300044H 010000000000000000                                         00000000000000000000000 00000000000000000000000301010001000000000000000000000000000000                                                                                
3410001300045G 01341919558000007026878568428838020405290060002000000776000101ITAU ADMINISTRADORA DE CONSORC0812202300000000007026800000000000000009               020404          19908122023000000000000000 00000000000000000000000000181220235
3410001300046H 010000000000000000                                         00000000000000000000000 00000000000000000000000301010001000000000000000000000000000000                                                                                
3410001300047G 01341939558000007026878568428847120405290060002000000776000101ITAU ADMINISTRADORA DE CONSORC0812202300000000007026800000000000000009               020404          19908122023000000000000000 00000000000000000000000000181220235
3410001300048H 010000000000000000                                         00000000000000000000000 00000000000000000000000301010001000000000000000000000000000000                                                                                
3410001300049G 01341949558000012129178568428746520405290060002000000776000101ITAU ADMINISTRADORA DE CONSORC0812202300000000012129100000000000000009               020404          19908122023000000000000000 00000000000000000000000000181220235
3410001300050H 010000000000000000                                         00000000000000000000000 00000000000000000000000301010001000000000000000000000000000000                                                                                
3410001300051G 01341949558000011688878568428752320405290060002000000776000101ITAU ADMINISTRADORA DE CONSORC0812202300000000011688800000000000000009               020404          19908122023000000000000000 00000000000000000000000000181220235
3410001300052H 010000000000000000                                         00000000000000000000000 00000000000000000000000301010001000000000000000000000000000000                                                                                
3410001300053G 01341989558000011732178568428769720405290060002000000776000101ITAU ADMINISTRADORA DE CONSORC0812202300000000011732100000000000000009               020404          19908122023000000000000000 00000000000000000000000000181220235
3410001300054H 010000000000000000                                         00000000000000000000000 00000000000000000000000301010001000000000000000000000000000000                                                                                
3410001300055G 01341939558000011732178568428804220405290060002000000776000101ITAU ADMINISTRADORA DE CONSORC0812202300000000011732100000000000000009               020404          19908122023000000000000000 00000000000000000000000000181220235
3410001300056H 010000000000000000                                         00000000000000000000000 00000000000000000000000301010001000000000000000000000000000000                                                                                
3410001300057G 01341919558000007026878568428873720405290060002000000776000101ITAU ADMINISTRADORA DE CONSORC0812202300000000007026800000000000000009               020404          19908122023000000000000000 00000000000000000000000000181220235
3410001300058H 010000000000000000                                         00000000000000000000000 00000000000000000000000301010001000000000000000000000000000000                                                                                
3410001300059G 01341929558000011688878568428762220405290060002000000776000101ITAU ADMINISTRADORA DE CONSORC0812202300000000011688800000000000000009               020404          19908122023000000000000000 00000000000000000000000000181220235
3410001300060H 010000000000000000                                         00000000000000000000000 00000000000000000000000301010001000000000000000000000000000000                                                                                
3410001300061G 01341969558000007026878568428856220405290060002000000776000101ITAU ADMINISTRADORA DE CONSORC0812202300000000007026800000000000000009               020404          19908122023000000000000000 00000000000000000000000000181220235
3410001300062H 010000000000000000                                         00000000000000000000000 00000000000000000000000301010001000000000000000000000000000000                                                                                
3410001300063G 01341969558000007026878568428867920405290060002000000776000101ITAU ADMINISTRADORA DE CONSORC0812202300000000007026800000000000000009               020404          19908122023000000000000000 00000000000000000000000000181220235
3410001300064H 010000000000000000                                         00000000000000000000000 00000000000000000000000301010001000000000000000000000000000000                                                                                
3410001300065G 01341919558000011732178568428819020405290060002000000776000101ITAU ADMINISTRADORA DE CONSORC0812202300000000011732100000000000000009               020404          19908122023000000000000000 00000000000000000000000000181220235
3410001300066H 010000000000000000                                         00000000000000000000000 00000000000000000000000301010001000000000000000000000000000000                                                                                
3410001300067G 02237919558000006860012340900000360941005686102000071675000121LUREX DISTRIBUIDORA           0812202300000000006860000000000000000009276586         000000          10216112023000000000000137 00000000000000000000000000060220241
3410001300068H 020000000000000000                                         00000000000000000000000 00000000000000000000000301010001000000000000000000000000000000                                                                                
3410001300069G 02033919558000008176792392860000000365833601012007976147000160MOVIDA LOCACAO DE VEICULOS S A08122023000000000081767000000000000000090210813833     000000          10217112023000000000000100 00000000000000000000000000060120243
3410001300070H 020000000000000000                                         00000000000000000000000 00000000000000000000000109122023000000000001635000000000000000                                                                                
3410001300071G 02748929558000007407111231004360071070420531002020752751000171R I COMERCIO E SERVICOS DE LUB081220230000000000740710000000000000000912184          000000          10323112023000000000003000 00000000000000000000000000051220333
3410001300072H 020000000000000000                                         00000000000000000000000 00000000000000000000000211122023000000000000200000000000000000                                                                                
3410001300073G 02237939558000008800021190900000012512004711802046144625000128RCJ RECAPAGENS LTDA           0812202300000000008800000000000000000009319-1          000000          10210112023000000000000290 00000000000000000000000000060220241
3410001300074H 020000000000000000                                         00000000000000000000000 00000000000000000000000209122023000000000000200000000000000000                                                                                
3410001300075G 02246989558000004171900011105025656008600208702074212994000146RIBEIRAO COM DE LUBRIFICANTES 0812202300000000004171900000000000000009458260-1       000000          30213112023000000000000111 00000000000000000000000000050620241
3410001300076H 020000000000000000                                         00000000000000000000000 00000000000000000000000209122023000000000000200000000000000000                                                                                
3410001300077G 02001969558000002290000000025769050000155960172003635486000122RIMA COMERCIO DE PECAS LTDA   0812202300000000002290000000000000000009573717.1       000000          20209112023000000000000069 00000000000000000000000000070320241
3410001300078H 020000000000000000                                         00000000000000000000000 00000000000000000000000301010001000000000000000000000000000000                                                                                
3410001300079G 02001979558000009784000000029821950000084957172026576031000189SHOW DISTRIBUIDORA AUTOMOTIVA 081220230000000000978400000000000000000994290.1        000000          20213112023000000000000196 00000000000000000000000000070320241
3410001300080H 020000000000000000                                         00000000000000000000000 00000000000000000000000209122023000000000000200000000000000000                                                                                
3410001300081G 02422919558000011641471450000585124500002852622002803735000260VISARI AUTO PECAS LTDA        08122023000000000116414000000000000000090036115/01     000000          10219112023000000000000232 00000000000000000000000000070320241
3410001300082H 020000000000000000                                         00000000000000000000000 00000000000000000000000301010001000000000000000000000000000000                                                                                
3410001300083G 02033989558000199333390160255000000001853801012041613515000144WEB CARRETAS MONTAGEM IND PECA0812202300000000199333300000000000000009000867/2       000000          10213102023000000000000300 00000000000000000000000000050620243
3410001300084H 020000000000000000                                         00000000000000000000000 00000000000000000000000109122023000000000039867000000000000000                                                                                
3410001300085G 02001919561000001313800000030430432023442618172004892707000100DNIT.DEPARTAMENTO NACIONAL DE 1112202300000000001313800000000000000009               000000          10407122023000000000000000 00000000000000000000000000111220235
3410001300086H 020000000000000000                                         00000000000000000000000 00000000000000000000000301010001000000000000000000000000000000                                                                                
3410001300087G 02001929561000000886800000030430432023443099172004892707000100DNIT.DEPARTAMENTO NACIONAL DE 1112202300000000000886800000000000000009               000000          10407122023000000000000000 00000000000000000000000000111220235
3410001300088H 020000000000000000                                         00000000000000000000000 00000000000000000000000301010001000000000000000000000000000000                                                                                
3410001300089G 01001929562000000781000000030430449015351932172004892707000100DNIT.DEPARTAMENTO NACIONAL DE 1212202300000000000781000000000000000009               000000          10408122023000000000000000 00000000000000000000000000121220235
3410001300090H 010000000000000000                                         00000000000000000000000 00000000000000000000000301010001000000000000000000000000000000                                                                                
3410001300091G 01001959562000000781000000030430449015352026172004892707000100DNIT.DEPARTAMENTO NACIONAL DE 1212202300000000000781000000000000000009               000000          10408122023000000000000000 00000000000000000000000000121220235
3410001300092H 010000000000000000                                         00000000000000000000000 00000000000000000000000301010001000000000000000000000000000000                                                                                
3410001300093G 01001919562000000781000000030430449015351950172004892707000100DNIT.DEPARTAMENTO NACIONAL DE 1212202300000000000781000000000000000009               000000          10408122023000000000000000 00000000000000000000000000121220235
3410001300094H 010000000000000000                                         00000000000000000000000 00000000000000000000000301010001000000000000000000000000000000                                                                                
3410001300095G 01001989562000001561900000030430449015353472172004892707000100DNIT.DEPARTAMENTO NACIONAL DE 1212202300000000001561900000000000000009               000000          10408122023000000000000000 00000000000000000000000000121220235
3410001300096H 010000000000000000                                         00000000000000000000000 00000000000000000000000301010001000000000000000000000000000000                                                                                
3410001300097G 01001989562000000781000000030430449015351890172004892707000100DNIT.DEPARTAMENTO NACIONAL DE 1212202300000000000781000000000000000009               000000          10408122023000000000000000 00000000000000000000000000121220235
3410001300098H 010000000000000000                                         00000000000000000000000 00000000000000000000000301010001000000000000000000000000000000                                                                                
3410001300099G 02001929568000004770800000028444932200716148172043052497000102DEPARTAMENTO DE ESTRADAS DE RO1812202300000000004770800000000000000009               000000          10408122023000000000000000 00000000000000000000000000181220235
3410001300100H 020000000000000000                                         00000000000000000000000 00000000000000000000000301010001000000000000000000000000000000                                                                                
3410001300101G 01001929568000004770800000028444932200716148172043052497000102DEPARTAMENTO DE ESTRADAS DE RO1812202300000000004770800000000000000009               000000          10408122023000000000000000 00000000000000000000000000181220235
3410001300102H 010000000000000000                                         00000000000000000000000 00000000000000000000000301010001000000000000000000000000000000                                                                                
3410001300103G 01401949570000006999920233420000000000001389392010885840000132FRETEBRAS INTERNET E SERVICOS 2012202300000000006999900000000000000009               000000          10308122023000000000000023115122023000000000003499000190120241
3410001300104H 010000000000000000                                         00000000000000000000000 00000000000000000000000221122023000000000000200000000000000000                                                                                
3410001300105G 01033969572000002625090155611000000000929601012004133268000152GANDINI EMPREENDIMENTOS HOTELE22122023000000000026250000000000000000092562 2NE       000000          10208122023000000000000033 00000000000000000000000000190620243
3410001300106H 010000000000000000                                         00000000000000000000000 00000000000000000000000123122023000000000000525000000000000000                                                                                
3410001300107G 01033989572000041820090155611000000000932601012004133268000152GANDINI EMPREENDIMENTOS HOTELE221220230000000004182000000000000000000996540 11       000000          10208122023000000000000033 00000000000000000000000000190620243
3410001300108H 010000000000000000                                         00000000000000000000000 00000000000000000000000123122023000000000008364000000000000000                                                                                
3410001300109G 01341979572000420768010905487646229380663270002033337122000127IPIRANGA PRODS DE PETROLEO    22122023000000004207680000000000000000090000291176     029389          10108122023000000000015428 00000000000000000000000000221220231
3410001300110H 010000000000000000                                         00000000000000000000000 00000000000000000000000 00000000000000000000000000000000000000                                                                                
3410001300111G 01033929572000003392093316386000000950631501042006260878000142L DO P PONTOGLIO-ME           221220230000000000339200000000000000000918682          000000          10208122023000000000000000 00000000000000000000000000190620245
3410001300112H 010000000000000000                                         00000000000000000000000 00000000000000000000000301010001000000000000000000000000000000                                                                                
3410001300113G 01341919572000005400015700041110584891915620002001019351000298MARQUES MARQUES C GAS LTDA ME 22122023000000000054000000000000000000096664           084897          10108122023000000000000036 00000000000000000000000000221220231
3410001300114H 010000000000000000                                         00000000000000000000000 00000000000000000000000122122023000000000005400000000000000000                                                                                
3410001300115G 01341969572000005400015700041111384891915620002001019351000298MARQUES MARQUES C GAS LTDA ME 22122023000000000054000000000000000000096665           084897          10108122023000000000000036 00000000000000000000000000221220231
3410001300116H 010000000000000000                                         00000000000000000000000 00000000000000000000000122122023000000000005400000000000000000                                                                                
3410001300117G 01001919572000014675100000027360305580294236172005463702000125SMART GAS DISTRIBUIDORA LTDA. 22122023000000000146751000000000000000090000102374     000000          20208122023000000000000484 00000000000000000000000000210320241
3410001300118H 010000000000000000                                         00000000000000000000000 00000000000000000000000223122023000000000000150000000000000000                                                                                
3410001300119G 02341969574000865963602451217483000000000000002017192451000170BANCO ITAUCARD S.A.           2412202300000000865963600000000000000009               000000          19929092023000000000000194 00000000000000000000000000220220243
3410001300120H 020000000000000000                                         00000000000000000000000 00000000000000000000000125122023000000000000200000000000000000                                                                                
3410001300121G 01033999575000001484093316386000000950629701042006260878000142L DO P PONTOGLIO-ME           251220230000000000148400000000000000000918700          000000          10208122023000000000000000 00000000000000000000000000220620245
3410001300122H 010000000000000000                                         00000000000000000000000 00000000000000000000000301010001000000000000000000000000000000                                                                                
3410001300123G 01033919576000001872099410589900000027533501012002584924004529ICH ADMINISTRACAO DE HOTEIS LT261220230000000000187200000000000000000962526 3NF      000000          10208122023000000000000000 00000000000000000000000000230120245
3410001300124H 010000000000000000                                         00000000000000000000000 00000000000000000000000301010001000000000000000000000000000000                                                                                
3410001300125G 01033969576000002288099410589900000027540801012002584924004529ICH ADMINISTRACAO DE HOTEIS LT261220230000000000228800000000000000000962542 3NF      000000          10208122023000000000000000 00000000000000000000000000230120245
3410001300126H 010000000000000000                                         00000000000000000000000 00000000000000000000000301010001000000000000000000000000000000                                                                                
3410001300127G 01033989576000000090099410589900000027578501012002584924004529ICH ADMINISTRACAO DE HOTEIS LT261220230000000000009000000000000000000976627 2NE      000000          10208122023000000000000000 00000000000000000000000000230120245
3410001300128H 010000000000000000                                         00000000000000000000000 00000000000000000000000301010001000000000000000000000000000000                                                                                
3410001300129G 01033989576000007488099410589900000027568801012002584924004529ICH ADMINISTRACAO DE HOTEIS LT261220230000000000748800000000000000000962647 3NF      000000          10208122023000000000000000 00000000000000000000000000230120245
3410001300130H 010000000000000000                                         00000000000000000000000 00000000000000000000000301010001000000000000000000000000000000                                                                                
3410001300131G 01237999577000007000033812600882884693000063302018236120000158NU PAGAMENTOS S.A.            2712202300000000007000000000000000000009882884693      000000          10108122023000000000000000 00000000000000000000000000210120245
3410001300132H 01205295368300010352.953.683 PAULO RICARDO BARBA           00000000000000000000000 00000000000000000000000301010001000000000000000000000000000000                                                                                
3410001300133G 01033919578000089800090029172000000000052601012039523037000130ANDERSON LUIS ALVES ESTACIONAM28122023000000000898000000000000000000090              000000          10208122023000000000001000 00000000000000000000000000250620243
3410001300134H 010000000000000000                                         00000000000000000000000 00000000000000000000000130122023000000000071840000000000000000                                                                                
3410001300135G 01756919578000001500013261010067903001941020012004856229000183CEBOLAO EQUIPAMENTOS RODOVIARI2812202300000000001500000000000000000009196533/01E     000000          10208122023000000000000017 00000000000000000000000000051220333
3410001300136H 010000000000000000                                         00000000000000000000000 00000000000000000000000301010001000000000000000000000000000000                                                                                
3410001300137G 01756989578000009119013261010067903001941100012004856229000183CEBOLAO EQUIPAMENTOS RODOVIARI2812202300000000009119000000000000000009196534/01E     000000          10208122023000000000000017 00000000000000000000000000051220333
3410001300138H 010000000000000000                                         00000000000000000000000 00000000000000000000000301010001000000000000000000000000000000                                                                                
3410001300139G 01341919578000002110015700000643107079944480002038007568000107MINEIRO TRUCK CENTER          28122023000000000021100000000000000000094915           007070          10108122023000000000000014 00000000000000000000000000281220231
3410001300140H 010000000000000000                                         00000000000000000000000 00000000000000000000000128122023000000000001055000000000000000                                                                                
3410001300141G 01341969578000001915015700000644907079944480002038007568000107MINEIRO TRUCK CENTER          28122023000000000019150000000000000000094903           007070          10108122023000000000000013 00000000000000000000000000281220231
3410001300142H 010000000000000000                                         00000000000000000000000 00000000000000000000000128122023000000000000958000000000000000                                                                                
3410001300143G 01756969578000008800013191010241555000345070012020465798000154SYG LOG SERVICOS EMPRESARIAIS 2812202300000000008800000000000000000009CTE 13814      000000          10308122023000000000000000 00000000000000000000000000240620245
3410001300144H 010000000000000000                                         00000000000000000000000 00000000000000000000000301010001000000000000000000000000000000                                                                                
3410001300145G 01748939579000012600011231017920260213019501072020124000000100M A SERVICOS DE DIGITACAO EIRE2912202300000000012600000000000000000009NF 7519        000000          10308122023000000000000050 00000000000000000000000000261220331
3410001300146H 010000000000000000                                         00000000000000000000000 00000000000000000000000202012024000000000000200000000000000000                                                                                
3410001300147G 01033959582000024336392392860000000372314201012007976147000160MOVIDA LOCACAO DE VEICULOS S A01012024000000000243363000000000000000090210983622     000000          10208122023000000000000100 00000000000000000000000000300120243
3410001300148H 010000000000000000                                         00000000000000000000000 00000000000000000000000102012024000000000004867000000000000000                                                                                
3410001300149G 01033979582000000647592392860000000372314901012007976147000160MOVIDA LOCACAO DE VEICULOS S A01012024000000000006475000000000000000090211007341     000000          10208122023000000000000100 00000000000000000000000000300120243
3410001300150H 010000000000000000                                         00000000000000000000000 00000000000000000000000102012024000000000000130000000000000000                                                                                
3410001300151G 01033979582000002800092392860000000372315301012007976147000160MOVIDA LOCACAO DE VEICULOS S A01012024000000000028000000000000000000090211030153     000000          10208122023000000000000100 00000000000000000000000000300120243
3410001300152H 010000000000000000                                         00000000000000000000000 00000000000000000000000102012024000000000000560000000000000000                                                                                
3410001300153G 01033919582000000050092392860000000372314601012007976147000160MOVIDA LOCACAO DE VEICULOS S A01012024000000000000500000000000000000090211001973     000000          10208122023000000000000100 00000000000000000000000000300120243
3410001300154H 010000000000000000                                         00000000000000000000000 00000000000000000000000102012024000000000000010000000000000000                                                                                
3410001300155G 01237959583000001700004900904900014046002217702066944158000128CASA DO OLEO RIBEIRAO PRETO LT020120240000000000170000000000000000000916879-1        000000          10208122023000000000000046 00000000000000000000000000020320241
3410001300156H 010000000000000000                                         00000000000000000000000 00000000000000000000000203012024000000000000200000000000000000                                                                                
3410001300157G 01237999583000002388904900904900014016002217702066944158000128CASA DO OLEO RIBEIRAO PRETO LT020120240000000000238890000000000000000916851-1        000000          10208122023000000000000065 00000000000000000000000000020320241
3410001300158H 010000000000000000                                         00000000000000000000000 00000000000000000000000203012024000000000000200000000000000000                                                                                
3410001300159G 01341979584000002400011282380866529380444490002003509978000171BANCO ITAUBBA FACCHINI S A    03012024000000000024000000000000000000090023436 01     029389          10108122023000000000000044 00000000000000000000000000030120241
3410001300160H 010000000000000000                                         00000000000000000000000 00000000000000000000000 00000000000000000000000000000000000000                                                                                
3410001300161G 01341979584000007790010900136714601474743650002018451455000199SOMAFERTIL CAMINHOES LTDA     03012024000000000077900000000000000000090049779001     001479          10108122023000000000000153 00000000000000000000000000030120241
3410001300162H 010000000000000000                                         00000000000000000000000 00000000000000000000000 00000000000000000000000000000000000000                                                                                
3410001300163G 01341929584000004910010900136733601474743650002018451455000199SOMAFERTIL CAMINHOES LTDA     03012024000000000049100000000000000000090049790001     001479          10108122023000000000000096 00000000000000000000000000030120241
3410001300164H 010000000000000000                                         00000000000000000000000 00000000000000000000000 00000000000000000000000000000000000000                                                                                
3410001300165G 01341969585000023500011282381886229380444490002003509978000171BANCO ITAUBBA FACCHINI S A    04012024000000000235000000000000000000090008584 01     029389          10108122023000000000000431 00000000000000000000000000040120241
3410001300166H 010000000000000000                                         00000000000000000000000 00000000000000000000000 00000000000000000000000000000000000000                                                                                
3410001300167G 01341919585000010000010900062648806231965400002067725028000167RIBEIRAO DISTRIBUIDORA MOLAS  040120240000000001000000000000000000000953116          006239          10108122023000000000000196 00000000000000000000000000040120241
3410001300168H 010000000000000000                                         00000000000000000000000 00000000000000000000000104012024000000000002000000000000000000                                                                                
3410001300169G 01341939585000004020010900136788001474743650002018451455000199SOMAFERTIL CAMINHOES LTDA     04012024000000000040200000000000000000090027296001     001479          10108122023000000000000079 00000000000000000000000000040120241
3410001300170H 010000000000000000                                         00000000000000000000000 00000000000000000000000 00000000000000000000000000000000000000                                                                                
3410001300171G 01001919586000001950019110365534323500101372172000169339000116ROMATA . FERRAMENTAS E MAQUINA0501202400000000001950000000000000000009000089872A     000000          10208122023000000000000053 00000000000000000000000000040420241
3410001300172H 010000000000000000                                         00000000000000000000000 00000000000000000000000301010001000000000000000000000000000000                                                                                
3410001300173G 01341919586000009200010900136853201474743650002018451455000199SOMAFERTIL CAMINHOES LTDA     05012024000000000092000000000000000000090049853001     001479          10108122023000000000000180 00000000000000000000000000050120241
3410001300174H 010000000000000000                                         00000000000000000000000 00000000000000000000000 00000000000000000000000000000000000000                                                                                
3410001300175G 01341919587000013340010900062727006231965400002067725028000167RIBEIRAO DISTRIBUIDORA MOLAS  060120240000000001334000000000000000000953201          006239          10108122023000000000000262 00000000000000000000000000060120241
3410001300176H 010000000000000000                                         00000000000000000000000 00000000000000000000000106012024000000000002668000000000000000                                                                                
3410001300177G 01422959587000007500070480000586353700000573522014544433000112TACOMITER PECAS E SERVICOS EI 0601202400000000007500000000000000000009017.901        000000          10208122023000000000000023 00000000000000000000000000050420241
3410001300178H 010000000000000000                                         00000000000000000000000 00000000000000000000000211012024000000000000200000000000000000                                                                                
3410001300179G 01033939587000262200090160255000000002542901012041613515000144WEB CARRETAS MONTAGEM IND PECA0601202400000000262200000000000000000009001232/1       000000          10208122023000000000000300 00000000000000000000000000040720243
3410001300180H 010000000000000000                                         00000000000000000000000 00000000000000000000000107012024000000000052440000000000000000                                                                                
3410001300181G 01033999588000004643297153066000000000696901012015380089000136ECG DE OLIVEIRA AUTO PECAS ME 07012024000000000046432000000000000000097460           000000          10208122023000000000000200 00000000000000000000000000050720243
3410001300182H 010000000000000000                                         00000000000000000000000 00000000000000000000000110012024000000000000929000000000000000                                                                                
3410001300183G 01033949588000001800097153066000000000697001012015380089000136ECG DE OLIVEIRA AUTO PECAS ME 07012024000000000018000000000000000000094031           000000          10208122023000000000000200 00000000000000000000000000050720243
3410001300184H 010000000000000000                                         00000000000000000000000 00000000000000000000000110012024000000000000360000000000000000                                                                                
3410001300185G 01033919588000018477297153066000000000696501012015380089000136ECG DE OLIVEIRA AUTO PECAS ME 070120240000000001847720000000000000000974590001       000000          10208122023000000000000200 00000000000000000000000000050720243
3410001300186H 010000000000000000                                         00000000000000000000000 00000000000000000000000110012024000000000003695000000000000000                                                                                
3410001300187G 01033969588000019400097153066000000000696701012015380089000136ECG DE OLIVEIRA AUTO PECAS ME 070120240000000001940000000000000000000940300001       000000          10208122023000000000000200 00000000000000000000000000050720243
3410001300188H 010000000000000000                                         00000000000000000000000 00000000000000000000000110012024000000000003880000000000000000                                                                                
3410001300189G 01341939588000004000015700000173606239884410002014944717000104J.M. PECAS E SERVICOS LTDA    0701202400000000004000000000000000000009000970/1       006239          10108122023000000000000160 00000000000000000000000000070120241
3410001300190H 010000000000000000                                         00000000000000000000000 00000000000000000000000 00000000000000000000000000000000000000                                                                                
3410001300191G 01748999588000001870011231004620071070420531042020752751000171R I COMERCIO E SERVICOS DE LUB070120240000000000187000000000000000000912258          000000          10308122023000000000003000 00000000000000000000000000040120343
3410001300192H 010000000000000000                                         00000000000000000000000 00000000000000000000000209012024000000000000200000000000000000                                                                                
3410001300193G 01748989588000001870011231004611071070420531052020752751000171R I COMERCIO E SERVICOS DE LUB070120240000000000187000000000000000000912258          000000          10308122023000000000003000 00000000000000000000000000040120343
3410001300194H 010000000000000000                                         00000000000000000000000 00000000000000000000000209012024000000000000200000000000000000                                                                                
3410001300195G 01341919588000027333415700045884406231906420002023540830000107TRANSCOFER IND COM T LTDA EPP 07012024000000000273334000000000000000097990/1         006239          10108122023000000000000538 00000000000000000000000000070120241
3410001300196H 010000000000000000                                         00000000000000000000000 00000000000000000000000 00000000000000000000000000000000000000                                                                                
3410001300197G 01001959591000001760800000033969500043467819172043581974000119TRANSERP.EMPRESA TRANSITO E TR10012024000000000017608000000000000000091995355        000000          10208122023000000000000000 00000000000000000000000000100120245
3410001300198H 010000000000000000                                         00000000000000000000000 00000000000000000000000301010001000000000000000000000000000000                                                                                
3410001300199G 01001979591000001561900000033969500043467800172043581974000119TRANSERP.EMPRESA TRANSITO E TR10012024000000000015619000000000000000091995354        000000          10208122023000000000000000 00000000000000000000000000100120245
3410001300200H 010000000000000000                                         00000000000000000000000 00000000000000000000000301010001000000000000000000000000000000                                                                                
3410001300201G 01756919593000015200013261010067903001941340012004856229000183CEBOLAO EQUIPAMENTOS RODOVIARI1201202400000000015200000000000000000009196536/01E     000000          10208122023000000000000017 00000000000000000000000000051220333
3410001300202H 010000000000000000                                         00000000000000000000000 00000000000000000000000301010001000000000000000000000000000000                                                                                
3410001300203G 01756999593000033559013261010067903001941270012004856229000183CEBOLAO EQUIPAMENTOS RODOVIARI1201202400000000033559000000000000000009196535/01E     000000          10208122023000000000000017 00000000000000000000000000051220333
3410001300204H 010000000000000000                                         00000000000000000000000 00000000000000000000000301010001000000000000000000000000000000                                                                                
3410001300205G 01341969603000027333315700045885106231906420002023540830000107TRANSCOFER IND COM T LTDA EPP 22012024000000000273333000000000000000097990/2         006239          10108122023000000000000538 00000000000000000000000000220120241
3410001300206H 010000000000000000                                         00000000000000000000000 00000000000000000000000 00000000000000000000000000000000000000                                                                                
3410001300207G 01001939604000000781000000030430449015351960172004892707000100DNIT.DEPARTAMENTO NACIONAL DE 2301202400000000000781000000000000000009               000000          10408122023000000000000000 00000000000000000000000000230120245
3410001300208H 010000000000000000                                         00000000000000000000000 00000000000000000000000301010001000000000000000000000000000000                                                                                
3410001300209G 01341929613000023500011282381887029380444490002003509978000171BANCO ITAUBBA FACCHINI S A    01022024000000000235000000000000000000090008584 02     029389          10108122023000000000000431 00000000000000000000000000010220241
3410001300210H 010000000000000000                                         00000000000000000000000 00000000000000000000000 00000000000000000000000000000000000000                                                                                
3410001300211G 01341919614000007790010900136715301474743650002018451455000199SOMAFERTIL CAMINHOES LTDA     02022024000000000077900000000000000000090049779002     001479          10108122023000000000000153 00000000000000000000000000020220241
3410001300212H 010000000000000000                                         00000000000000000000000 00000000000000000000000 00000000000000000000000000000000000000                                                                                
3410001300213G 01341919614000004910010900136734401474743650002018451455000199SOMAFERTIL CAMINHOES LTDA     02022024000000000049100000000000000000090049790002     001479          10108122023000000000000096 00000000000000000000000000020220241
3410001300214H 010000000000000000                                         00000000000000000000000 00000000000000000000000 00000000000000000000000000000000000000                                                                                
3410001300215G 01341979615000010000010900062649606231965400002067725028000167RIBEIRAO DISTRIBUIDORA MOLAS  030220240000000001000000000000000000000953116          006239          10108122023000000000000196 00000000000000000000000000030220241
3410001300216H 010000000000000000                                         00000000000000000000000 00000000000000000000000103022024000000000002000000000000000000                                                                                
3410001300217G 01341939617000013340010900062728806231965400002067725028000167RIBEIRAO DISTRIBUIDORA MOLAS  050220240000000001334000000000000000000953201          006239          10108122023000000000000262 00000000000000000000000000050220241
3410001300218H 010000000000000000                                         00000000000000000000000 00000000000000000000000105022024000000000002668000000000000000                                                                                
3410001300219G 01341999617000009190010900136854001474743650002018451455000199SOMAFERTIL CAMINHOES LTDA     05022024000000000091900000000000000000090049853002     001479          10108122023000000000000180 00000000000000000000000000050220241
3410001300220H 010000000000000000                                         00000000000000000000000 00000000000000000000000 00000000000000000000000000000000000000                                                                                
3410001300221G 01033919617000262200090160255000000002543701012041613515000144WEB CARRETAS MONTAGEM IND PECA0502202400000000262200000000000000000009001232/2       000000          10208122023000000000000300 00000000000000000000000000030820243
3410001300222H 010000000000000000                                         00000000000000000000000 00000000000000000000000106022024000000000052440000000000000000                                                                                
3410001300223G 01341919618000027333315700045886906231906420002023540830000107TRANSCOFER IND COM T LTDA EPP 06022024000000000273333000000000000000097990/3         006239          10108122023000000000000538 00000000000000000000000000060220241
3410001300224H 010000000000000000                                         00000000000000000000000 00000000000000000000000 00000000000000000000000000000000000000                                                                                
3410001300225G 01033989619000019400097153066000000000696801012015380089000136ECG DE OLIVEIRA AUTO PECAS ME 070220240000000001940000000000000000000940300002       000000          10208122023000000000000200 00000000000000000000000000050820243
3410001300226H 010000000000000000                                         00000000000000000000000 00000000000000000000000110022024000000000003880000000000000000                                                                                
3410001300227G 01033929619000018477297153066000000000696601012015380089000136ECG DE OLIVEIRA AUTO PECAS ME 070220240000000001847720000000000000000974590002       000000          10208122023000000000000200 00000000000000000000000000050820243
3410001300228H 010000000000000000                                         00000000000000000000000 00000000000000000000000110022024000000000003695000000000000000                                                                                
3410001300229G 01341959645000007790010900136716101474743650002018451455000199SOMAFERTIL CAMINHOES LTDA     04032024000000000077900000000000000000090049779003     001479          10108122023000000000000153 00000000000000000000000000040320241
3410001300230H 010000000000000000                                         00000000000000000000000 00000000000000000000000 00000000000000000000000000000000000000                                                                                
3410001300231G 01341919645000004910010900136735101474743650002018451455000199SOMAFERTIL CAMINHOES LTDA     04032024000000000049100000000000000000090049790003     001479          10108122023000000000000096 00000000000000000000000000040320241
3410001300232H 010000000000000000                                         00000000000000000000000 00000000000000000000000 00000000000000000000000000000000000000                                                                                
3410001300233G 01341929647000013340010900062729606231965400002067725028000167RIBEIRAO DISTRIBUIDORA MOLAS  060320240000000001334000000000000000000953201          006239          10108122023000000000000262 00000000000000000000000000060320241
3410001300234H 010000000000000000                                         00000000000000000000000 00000000000000000000000106032024000000000002668000000000000000                                                                                
3410001300235G 01033989647000262200090160255000000002544501012041613515000144WEB CARRETAS MONTAGEM IND PECA0603202400000000262200000000000000000009001232/3       000000          10208122023000000000000300 00000000000000000000000000020920243
3410001300236H 010000000000000000                                         00000000000000000000000 00000000000000000000000107032024000000000052440000000000000000                                                                                
34100015         000238000000000047117687000000000000000000                                                                                                                                                                                     
34100021I0300022 2015665528000238                    00000 000000000000  CARGO POLO C L T EIRELI                                                                                                                                                
3410002300001G 01341999570000028900015700000267383109948610002035042127000158TRUCK CENTER MANUTENCAO DIESEL2012202300000000028900000000000000000009NF             083105          11007122023000000000000096 00000000000000000000000000201220231
3410002300002H 010000000000000000                                         00000000000000000000000 00000000000000000000000120122023000000000002890000000000000000                                                                                
3410002300003G 01341919584000028900015700000268183109948610002035042127000158TRUCK CENTER MANUTENCAO DIESEL0301202400000000028900000000000000000009NF             083105          11007122023000000000000096 00000000000000000000000000030120241
3410002300004H 010000000000000000                                         00000000000000000000000 00000000000000000000000103012024000000000002890000000000000000                                                                                
34100025         000006000000000000578000000000000000000000                                                                                                                                                                                     
34100031I0300022 2015665528000408                    00000 000000000000  CARGO POLO C L T EIRELI                                                                                                                                                
3410003300001G 01341959584000007000010900004208004229986170002052238920000227TEIXEIRA PINTO QUIMICA INDUSTR0301202400000000007000000000000000000009000354101      004226          11008122023000000000000210 00000000000000000000000000030120241
3410003300002H 010000000000000000                                         00000000000000000000000 00000000000000000000000 00000000000000000000000000000000000000                                                                                
3410003300003G 01341989612000007000010900004209804229986170002052238920000227TEIXEIRA PINTO QUIMICA INDUSTR3101202400000000007000000000000000000009000354102      004226          11008122023000000000000210 00000000000000000000000000310120241
3410003300004H 010000000000000000                                         00000000000000000000000 00000000000000000000000 00000000000000000000000000000000000000                                                                                
34100035         000006000000000000140000000000000000000000                                                                                                                                                                                     
34100041I0300022 2015665528000580                    00000 000000000000  CARGO POLO C L T EIRELI                                                                                                                                                
3410004300001G 01341989584000004800011282380641229380444490002003509978000171BANCO ITAUBBA FACCHINI S A    03012024000000000048000000000000000000090047657 01     029389          10108122023000000000000088 00000000000000000000000000030120241
3410004300002H 010000000000000000                                         00000000000000000000000 00000000000000000000000 00000000000000000000000000000000000000                                                                                
3410004300003G 01341999624000016468111282380597629380444490002003509978000171BANCO ITAUBBA FACCHINI S A    12022024000000000164681000000000000000090047312 03     029389          10108122023000000000000302 00000000000000000000000000120220241
3410004300004H 010000000000000000                                         00000000000000000000000 00000000000000000000000 00000000000000000000000000000000000000                                                                                
34100045         000006000000000000212681000000000000000000                                                                                                                                                                                     
34100051I0300022 2015665528000742                    00000 000000000000  CARGO POLO C L T EIRELI                                                                                                                                                
3410005300001G 01341929578000535940010905486635629380663270002033337122000127IPIRANGA PRODS DE PETROLEO    28122023000000005359400000000000000000090000291081     029389          10108122023000000000019651 00000000000000000000000000281220231
3410005300002H 010000000000000000                                         00000000000000000000000 00000000000000000000000 00000000000000000000000000000000000000                                                                                
34100055         000004000000000005359400000000000000000000                                                                                                                                                                                     
34100061I0300022 2015665528001048                    00000 000000000000  CARGO POLO C L T EIRELI                                                                                                                                                
3410006300001G 01341989585000005600010909068258202062668680002000170293000155CAPIVARA FREIOS PECAS SERV LTD040120240000000000560000000000000000000943410A         002063          10108122023000000000000017 00000000000000000000000000040120241
3410006300002H 010000000000000000                                         00000000000000000000000 00000000000000000000000 00000000000000000000000000000000000000                                                                                
3410006300003G 01341929585000016000010909068259002062668680002000170293000155CAPIVARA FREIOS PECAS SERV LTD040120240000000001600000000000000000000943411A         002063          10108122023000000000000048 00000000000000000000000000040120241
3410006300004H 010000000000000000                                         00000000000000000000000 00000000000000000000000 00000000000000000000000000000000000000                                                                                
3410006300005G 01341959585000004800010909068260802062668680002000170293000155CAPIVARA FREIOS PECAS SERV LTD040120240000000000480000000000000000000943412A         002063          10108122023000000000000014 00000000000000000000000000040120241
3410006300006H 010000000000000000                                         00000000000000000000000 00000000000000000000000 00000000000000000000000000000000000000                                                                                
3410006300007G 01341939585000013000010909068261602062668680002000170293000155CAPIVARA FREIOS PECAS SERV LTD040120240000000001300000000000000000000943413A         002063          10108122023000000000000039 00000000000000000000000000040120241
3410006300008H 010000000000000000                                         00000000000000000000000 00000000000000000000000 00000000000000000000000000000000000000                                                                                
3410006300009G 01341939587000023500010966370806503556426610002047964168000180RODOPECAS LTDA EPP            06012024000000000235000000000000000000090053256-AD     003558          10108122023000000000000783 00000000000000000000000000060120241
3410006300010H 010000000000000000                                         00000000000000000000000 00000000000000000000000106012024000000000004700000000000000000                                                                                
3410006300011G 01341959599000013000010909068262402062668680002000170293000155CAPIVARA FREIOS PECAS SERV LTD180120240000000001300000000000000000000943413B         002063          10108122023000000000000039 00000000000000000000000000180120241
3410006300012H 010000000000000000                                         00000000000000000000000 00000000000000000000000 00000000000000000000000000000000000000                                                                                
3410006300013G 01341919617000023500010966370807303556426610002047964168000180RODOPECAS LTDA EPP            05022024000000000235000000000000000000090053256-BD     003558          10108122023000000000000783 00000000000000000000000000050220241
3410006300014H 010000000000000000                                         00000000000000000000000 00000000000000000000000105022024000000000004700000000000000000                                                                                
34100065         000016000000000000994000000000000000000000                                                                                                                                                                                     
34100071I0300022 2015665528001200                    00000 000000000000  CARGO POLO C L T EIRELI                                                                                                                                                
3410007300001G 01341979568000005000015700000372241429943770002008298604000178AUTO MECANICA VOLPASTER LTDA  18122023000000000050000000000000000000093221           041426          10108122023000000000000167 00000000000000000000000000181220231
3410007300002H 010000000000000000                                         00000000000000000000000 00000000000000000000000118122023000000000001000000000000000000                                                                                
3410007300003G 01341959578000016300015700045383737305857530002032720081000190PR TRUCKS S E E E LTDA        28122023000000000163000000000000000000095329           037309          10808122023000000000000054 00000000000000000000000000281220231
3410007300004H 010000000000000000                                         00000000000000000000000 00000000000000000000000128122023000000000003260000000000000000                                                                                
3410007300005G 01341919584000000800010900001014081929925530002011736979000187JINFORTEC LTDA                03012024000000000008000000000000000000096582           081927          10108122023000000000000008 00000000000000000000000000030120241
3410007300006H 010000000000000000                                         00000000000000000000000 00000000000000000000000104012024000000000000240000000000000000                                                                                
3410007300007G 01341919586000005119710900108479907804547080002008990607000178V. PERECK CIA. LTDA - ME      05012024000000000051197000000000000000090001898711     007807          10108122023000000000000051 00000000000000000000000000050120241
3410007300008H 010000000000000000                                         00000000000000000000000 00000000000000000000000105012024000000000001024000000000000000                                                                                
3410007300009G 01341979586000005119710900108481507804547080002008990607000178V. PERECK CIA. LTDA - ME      05012024000000000051197000000000000000090001898721     007807          10108122023000000000000051 00000000000000000000000000050120241
3410007300010H 010000000000000000                                         00000000000000000000000 00000000000000000000000105012024000000000001024000000000000000                                                                                
3410007300011G 01341969616000005119610900108480707804547080002008990607000178V. PERECK CIA. LTDA - ME      04022024000000000051196000000000000000090001898712     007807          10108122023000000000000051 00000000000000000000000000040220241
3410007300012H 010000000000000000                                         00000000000000000000000 00000000000000000000000105022024000000000001024000000000000000                                                                                
3410007300013G 01341979616000005119610900108482307804547080002008990607000178V. PERECK CIA. LTDA - ME      04022024000000000051196000000000000000090001898722     007807          10108122023000000000000051 00000000000000000000000000040220241
3410007300014H 010000000000000000                                         00000000000000000000000 00000000000000000000000105022024000000000001024000000000000000                                                                                
34100075         000016000000000000425786000000000000000000                                                                                                                                                                                     
34199999         000007000294                                                                                                                                                                                                                   
