34100000         228537185000197                    00000 000000000000  BS LOGISTICA SA               BANCO ITAU S.A.                         218122023053538000010084                                                                          
34100011I0300022 2028537185000197                    00000 000000000000  BS LOGISTICA SA                                                                                                                                                        
3410001300001G 01341999572000009086610905009598503680165980002051195790000149PERIM COM DE AUTO PECAS LTDA  2212202300000000009086600000000000000009177920-3       003681          10115122023000000000000242 00000000000000000000000000221220231
3410001300002H 010000000000000000                                         00000000000000000000000 00000000000000000000000122122023000000000001817000000000000000                                                                                
3410001300003G 01341919572000008152710905011599903680165980002051195790000149PERIM COM DE AUTO PECAS LTDA  2212202300000000008152700000000000000009180144-1       003681          10115122023000000000000217 00000000000000000000000000221220231
3410001300004H 010000000000000000                                         00000000000000000000000 00000000000000000000000122122023000000000001630000000000000000                                                                                
34100015         000006000000000000172393000000000000000000                                                                                                                                                                                     
34199999         000001000008                                                                                                                                                                                                                   
