34100000         228537185000197                    00000 000000000000  BS LOGISTICA SA               BANCO ITAU S.A.                         219122023052620000011084                                                                          
34100011I0300022 2028537185000197                    00000 000000000000  BS LOGISTICA SA                                                                                                                                                        
3410001300001G 01341939598000045290710900011688503321503250002055965149000105OKUBO MERCANTIL PROD. FIX. ELE1701202400000000045290700000000000000009227215         003327          10118122023000000000000149 00000000000000000000000000170120241
3410001300002H 010000000000000000                                         00000000000000000000000 00000000000000000000000117012024000000000009058000000000000000                                                                                
34100015         000004000000000000452907000000000000000000                                                                                                                                                                                     
34199999         000001000006                                                                                                                                                                                                                   
