34100000         215665528000157                    00000 000000000000  CARGO POLO C L T EIRELI       BANCO ITAU S.A.                         220122023043108000013084                                                                          
34100011I0300022 2015665528000157                    00000 000000000000  CARGO POLO C L T EIRELI                                                                                                                                                
3410001300001G 02001989562000000781000000030430449015351890172004892707000100DNIT.DEPARTAMENTO NACIONAL DE 1212202300000000000781000000000000000009               000000          10408122023000000000000000 00000000000000000000000000121220235
3410001300002H 020000000000000000                                         00000000000000000000000 00000000000000000000000301010001000000000000000000000000000000                                                                                
3410001300003G 02001919562000000781000000030430449015351950172004892707000100DNIT.DEPARTAMENTO NACIONAL DE 1212202300000000000781000000000000000009               000000          10408122023000000000000000 00000000000000000000000000121220235
3410001300004H 020000000000000000                                         00000000000000000000000 00000000000000000000000301010001000000000000000000000000000000                                                                                
3410001300005G 02001989562000001561900000030430449015353472172004892707000100DNIT.DEPARTAMENTO NACIONAL DE 1212202300000000001561900000000000000009               000000          10408122023000000000000000 00000000000000000000000000121220235
3410001300006H 020000000000000000                                         00000000000000000000000 00000000000000000000000301010001000000000000000000000000000000                                                                                
3410001300007G 31237919562000007550033900900002005387022204802011623920000425VANNUCCI IMPORTACAO, EXPORTACA121220230000000000755000000000000000000912631801       000000          10220112023000000000000252 00000000000000000000000000181220231
3410001300008H 310000000000000000                                         00000000000000000000000 00000000000000000000000213122023000000000000200000000000000000                                                                                
3410001300009G 02237959565000006789018400900549082908009146302035001210000189TS HOST SERVICOS DE INTERNET L15122023000000000067890000000000000000090549082908     000000          13211122023000000000000000 00000000000000000000000000151220235
3410001300010H 020000000000000000                                         00000000000000000000000 00000000000000000000000301010001000000000000000000000000000000                                                                                
3410001300011G 02237929566000007375003370933200001714083850002012813212000177RNX FIDC MULTISSETORIAL LP    161220230000000000737500000000000000000951622001       000000          10216112023000000000000317 00000000000000000000000000140220241
3410001300012H 022012335445000101J ANTUNES DIST DE PECAS LTDA             00000000000000000000000 00000000000000000000000301010001000000000000000000000000000000                                                                                
3410001300013G 02748939569000021000011600000125071838094791082050990178000103ALLYF M RODRIGUES BEZERRA     191220230000000002100000000000000000000948             000000          19912122023000000000000000 00000000000000000000000000161220335
3410001300014H 020000000000000000                                         00000000000000000000000 00000000000000000000000301010001000000000000000000000000000000                                                                                
3410001300015G 02403959569000013266600000464009060063114988012037880206000163CORA SCD SA                   1912202300000000013266600000000000000009               000000          10403112023000000000000200 00000000000000000000000000180320243
3410001300016H 022046400906000102FRIOTEC                                  00000000000000000000000 00000000000000000000000120122023000000000001000000000000000000                                                                                
3410001300017G 02001929569000028983500000023777150001262178172074607839000129DIPECARR DISTR DE PECAS E ACES19122023000000000289835000000000000000090003227195     000000          10226092023000000000000985 00000000000000000000000000160620241
3410001300018H 020000000000000000                                         00000000000000000000000 00000000000000000000000301010001000000000000000000000000000000                                                                                
3410001300019G 02033919569000012700097153066000000000686101012015380089000136ECG DE OLIVEIRA AUTO PECAS ME 19122023000000000127000000000000000000097394           000000          10210112023000000000000200 00000000000000000000000000160620243
3410001300020H 020000000000000000                                         00000000000000000000000 00000000000000000000000122122023000000000002540000000000000000                                                                                
3410001300021G 02033979569000006966797153066000000000686401012015380089000136ECG DE OLIVEIRA AUTO PECAS ME 19122023000000000069667000000000000000094016           000000          10210112023000000000000200 00000000000000000000000000160620243
3410001300022H 020000000000000000                                         00000000000000000000000 00000000000000000000000122122023000000000001393000000000000000                                                                                
3410001300023G 02033919569000001872099410589900000027490801012002584924004529ICH ADMINISTRACAO DE HOTEIS LT191220230000000000187200000000000000000962352 3NF      000000          10202122023000000000000000 00000000000000000000000000160120245
3410001300024H 020000000000000000                                         00000000000000000000000 00000000000000000000000301010001000000000000000000000000000000                                                                                
3410001300025G 02033999569000001872099410589900000027506801012002584924004529ICH ADMINISTRACAO DE HOTEIS LT191220230000000000187200000000000000000962401 3NF      000000          10207122023000000000000000 00000000000000000000000000160120245
3410001300026H 020000000000000000                                         00000000000000000000000 00000000000000000000000301010001000000000000000000000000000000                                                                                
3410001300027G 02748919569000019246011232062206071072116211062019502017000175J P R TRINDADE AUTO ELETRICA L19122023000000000192460000000000000000090000000000     000000          10305122023000000000000321 00000000000000000000000000161220331
3410001300028H 020000000000000000                                         00000000000000000000000 00000000000000000000000220122023000000000000600000000000000000                                                                                
3410001300029G 02748939569000001590011232062192071072116211042019502017000175J P R TRINDADE AUTO ELETRICA L19122023000000000015900000000000000000090000000000     000000          10305122023000000000000027 00000000000000000000000000161220331
3410001300030H 020000000000000000                                         00000000000000000000000 00000000000000000000000220122023000000000000600000000000000000                                                                                
3410001300031G 01001999569000001952300000029675760028625720172000394494010441MINISTERIO DA JUSTICA . DPTO. 19122023000000000019523000000000000000090000000778     000000          10419122023000000000000000219122023000000000002000000191220235
3410001300032H 010000000000000000                                         00000000000000000000000 00000000000000000000000301010001000000000000000000000000000000                                                                                
3410001300033G 02001999569000012716000000036022350000000188172049557825000109P D INJECAO DIESEL LTDA       19122023000000000127160000000000000000095508.01        000000          10221112023000000000000301 00000000000000000000000000130120243
3410001300034H 020000000000000000                                         00000000000000000000000 00000000000000000000000220122023000000000000200000000000000000                                                                                
3410001300035G 02001919569000008196000000036022350000000192172049557825000109P D INJECAO DIESEL LTDA       19122023000000000081960000000000000000095529           000000          10222112023000000000000300 00000000000000000000000000130120243
3410001300036H 020000000000000000                                         00000000000000000000000 00000000000000000000000220122023000000000000200000000000000000                                                                                
3410001300037G 02237959569000024216663480963481932379000742002021012190000137RECAPAGEM SANTA HELENA        19122023000000000242166000000000000000099997491632     000000          10222092023000000000000484 00000000000000000000000000170220241
3410001300038H 020000000000000000                                         00000000000000000000000 00000000000000000000000301010001000000000000000000000000000000                                                                                
3410001300039G 02001919569000006296500000029821950000082390172026576031000189SHOW DISTRIBUIDORA AUTOMOTIVA 191220230000000000629650000000000000000990683.4        000000          20221092023000000000000126 00000000000000000000000000180320241
3410001300040H 020000000000000000                                         00000000000000000000000 00000000000000000000000220122023000000000000200000000000000000                                                                                
3410001300041G 02001959569000006683200000029821950000082386172026576031000189SHOW DISTRIBUIDORA AUTOMOTIVA 191220230000000000668320000000000000000990681.3        000000          20221092023000000000000134 00000000000000000000000000180320241
3410001300042H 020000000000000000                                         00000000000000000000000 00000000000000000000000220122023000000000000200000000000000000                                                                                
3410001300043G 02422919569000031000070120000582904300007293222037321294000163VARP CREDIT SECURITIZADORA SA 191220230000000003100000000000000000000952/5774/03     000000          10220092023000000000001032 00000000000000000000000000180320241
3410001300044H 022009051846000125MS - MAGNUM SERVICES SERV DE R           00000000000000000000000 00000000000000000000000220122023000000000000200000000000000000                                                                                
3410001300045G 02422939569000023938171450000585124500002719122002803735000260VISARI AUTO PECAS LTDA        19122023000000000239381000000000000000090034409/02     000000          10229112023000000000000478 00000000000000000000000000180320241
3410001300046H 020000000000000000                                         00000000000000000000000 00000000000000000000000301010001000000000000000000000000000000                                                                                
3410001300047G 01341999570000897842687139849641820400130920002017192451000170BANCO ITAUCARD S/A            2012202300000000897842600000000000000009               020404          19919122023000000000000000 00000000000000000000000000201220235
3410001300048H 012015665528000157CARGO POLO C L T EIRELI                  00000000000000000000000 00000000000000000000000301010001000000000000000000000000000000                                                                                
3410001300049G 31033979567000010086090246371000000000090501012049090647000140NORDESTE DIESEL LTDA ME       20122023000000000100860000000000000000097438           000000          10227112023000000000000200 00000000000000000000000000180120243
3410001300050H 310000000000000000                                         00000000000000000000000 00000000000000000000000123122023000000000002017000000000000000                                                                                
3410001300051G 01033959570000291666890160255000000002601801012041613515000144WEB CARRETAS MONTAGEM IND PECA2012202300000000291666800000000000000009001264/1       000000          10219122023000000000000300 00000000000000000000000000170620243
3410001300052H 010000000000000000                                         00000000000000000000000 00000000000000000000000121122023000000000058333000000000000000                                                                                
3410001300053G 01001949574000003855200000029675760028627159172000394494010441MINISTERIO DA JUSTICA . DPTO. 24122023000000000038552000000000000000090000000740     000000          10419122023000000000000000224122023000000000002000000241220235
3410001300054H 010000000000000000                                         00000000000000000000000 00000000000000000000000301010001000000000000000000000000000000                                                                                
3410001300055G 01001919574000001952300000029675760028631113172000394494010441MINISTERIO DA JUSTICA . DPTO. 24122023000000000019523000000000000000090000000804     000000          10419122023000000000000000224122023000000000002000000241220235
3410001300056H 010000000000000000                                         00000000000000000000000 00000000000000000000000301010001000000000000000000000000000000                                                                                
3410001300057G 01001979574000001301600000029675760028631210172000394494010441MINISTERIO DA JUSTICA . DPTO. 24122023000000000013016000000000000000090000000823     000000          10419122023000000000000000224122023000000000002000000241220235
3410001300058H 010000000000000000                                         00000000000000000000000 00000000000000000000000301010001000000000000000000000000000000                                                                                
3410001300059G 01001919574000001301600000029675760028631252172000394494010441MINISTERIO DA JUSTICA . DPTO. 24122023000000000013016000000000000000090000000799     000000          10419122023000000000000000224122023000000000002000000241220235
3410001300060H 010000000000000000                                         00000000000000000000000 00000000000000000000000301010001000000000000000000000000000000                                                                                
3410001300061G 01001949574000001301600000029675760028630774172000394494010441MINISTERIO DA JUSTICA . DPTO. 24122023000000000013016000000000000000090000000830     000000          10419122023000000000000000224122023000000000002000000241220235
3410001300062H 010000000000000000                                         00000000000000000000000 00000000000000000000000301010001000000000000000000000000000000                                                                                
3410001300063G 01001919574000001952300000029675760028627286172000394494010441MINISTERIO DA JUSTICA . DPTO. 24122023000000000019523000000000000000090000000823     000000          10419122023000000000000000224122023000000000002000000241220235
3410001300064H 010000000000000000                                         00000000000000000000000 00000000000000000000000301010001000000000000000000000000000000                                                                                
3410001300065G 01001919574000014673500000029675760028628340172000394494010441MINISTERIO DA JUSTICA . DPTO. 24122023000000000146735000000000000000090000000826     000000          10419122023000000000000000224122023000000000002000000241220235
3410001300066H 010000000000000000                                         00000000000000000000000 00000000000000000000000301010001000000000000000000000000000000                                                                                
3410001300067G 01001989574000001952300000029675760028631111172000394494010441MINISTERIO DA JUSTICA . DPTO. 24122023000000000019523000000000000000090000000804     000000          10419122023000000000000000224122023000000000002000000241220235
3410001300068H 010000000000000000                                         00000000000000000000000 00000000000000000000000301010001000000000000000000000000000000                                                                                
3410001300069G 01001979574000001952300000029675760028631114172000394494010441MINISTERIO DA JUSTICA . DPTO. 24122023000000000019523000000000000000090000000804     000000          10419122023000000000000000224122023000000000002000000241220235
3410001300070H 010000000000000000                                         00000000000000000000000 00000000000000000000000301010001000000000000000000000000000000                                                                                
3410001300071G 01341969575000010372110900003968503270971840002004501822000107ANGELLIRA RASTREAMENTO S L    2512202300000000010372100000000000000009150935.01      003277          10119122023000000000000035 00000000000000000000000000251220231
3410001300072H 010000000000000000                                         00000000000000000000000 00000000000000000000000 00000000000000000000000000000000000000                                                                                
3410001300073G 01237929575000001799816050900009094573001832302011377428000174POSTO REFORCO 6               2512202300000000001799800000000000000009171482         000000          10219122023000000000000015 00000000000000000000000000230220241
3410001300074H 010000000000000000                                         00000000000000000000000 00000000000000000000000301010001000000000000000000000000000000                                                                                
3410001300075G 012379795760000082092013109000387085810109000020600482610001035 TABELIAO DE PROTESTO DE LETR261220230000000000820920000000000000000912631801       000000          19919122023000000000000000 00000000000000000000000000261220235
3410001300076H 010000000000000000                                         00000000000000000000000 00000000000000000000000301010001000000000000000000000000000000                                                                                
3410001300077G 01033959581000291666690160255000000002602601012041613515000144WEB CARRETAS MONTAGEM IND PECA3112202300000000291666600000000000000009001264/2       000000          10219122023000000000000300 00000000000000000000000000280620243
3410001300078H 010000000000000000                                         00000000000000000000000 00000000000000000000000101012024000000000058333000000000000000                                                                                
3410001300079G 01237919582000158300060120900000000884000852502043004070000120GGM LOCACOES                  0101202400000000158300000000000000000009111            000000          10419122023000000000000174 00000000000000000000000000010320241
3410001300080H 010000000000000000                                         00000000000000000000000 00000000000000000000000202012024000000000000200000000000000000                                                                                
3410001300081G 01237919583000015000060120900000000888000852502043004070000120GGM LOCACOES                  0201202400000000015000000000000000000009115            000000          10419122023000000000000017 00000000000000000000000000020320241
3410001300082H 010000000000000000                                         00000000000000000000000 00000000000000000000000203012024000000000000200000000000000000                                                                                
3410001300083G 01033919585000008500098530297000015175763501012008561701000101PAGSEGURO INTERNET INSTITUICAO0401202400000000008500000000000000000009151757635      000000          10219122023000000000000000 00000000000000000000000000030220245
3410001300084H 012048757522000169DIAS E FLORENTINO ESTETICA AUT           00000000000000000000000 00000000000000000000000301010001000000000000000000000000000000                                                                                
3410001300085G 01341969586000103755110900103592132185658550002033251734000100ASSOC DVR BUSINESS P CACAPAVA 05012024000000001037551000000000000000090000103592     032185          10119122023000000000000346 00000000000000000000000000050120241
3410001300086H 010000000000000000                                         00000000000000000000000 00000000000000000000000105012024000000000020751000000000000000                                                                                
3410001300087G 01001919586000014661000000021265297496153700172034028316000103EMPRESA BRASILEIRA DE CORREIOS05012024000000000146610000000000000000092900139        000000          20219122023000000000000000 00000000000000000000000000301220245
3410001300088H 010000000000000000                                         00000000000000000000000 00000000000000000000000301010001000000000000000000000000000000                                                                                
3410001300089G 01341989589000301500010905521927429380663270002033337122000127IPIRANGA PRODS DE PETROLEO    08012024000000003015000000000000000000090000293829     029389          10119122023000000000011055 00000000000000000000000000080120241
3410001300090H 010000000000000000                                         00000000000000000000000 00000000000000000000000 00000000000000000000000000000000000000                                                                                
3410001300091G 01756949591000225240013069013901815233750760012004501822000107ANGELLIRA TECNOLOGIA SEGURANCA1001202400000000225240000000000000000009150937.01      000000          10219122023000000000000751 00000000000000000000000000161220331
3410001300092H 010000000000000000                                         00000000000000000000000 00000000000000000000000111012024000000000045048000000000000000                                                                                
3410001300093G 01756929593000007440013261010067903001949720012004856229000183CEBOLAO EQUIPAMENTOS RODOVIARI1201202400000000007440000000000000000009196831/01E     000000          10219122023000000000000017 00000000000000000000000000161220333
3410001300094H 010000000000000000                                         00000000000000000000000 00000000000000000000000301010001000000000000000000000000000000                                                                                
3410001300095G 01001959593000006460000000025769050000160874172003635486000122RIMA COMERCIO DE PECAS LTDA   1201202400000000006460000000000000000009580382.1       000000          20219122023000000000000194 00000000000000000000000000110420241
3410001300096H 010000000000000000                                         00000000000000000000000 00000000000000000000000301010001000000000000000000000000000000                                                                                
3410001300097G 01341959593000004010010900137265801474743650002018451455000199SOMAFERTIL CAMINHOES LTDA     12012024000000000040100000000000000000090050078001     001479          10119122023000000000000078 00000000000000000000000000120120241
3410001300098H 010000000000000000                                         00000000000000000000000 00000000000000000000000 00000000000000000000000000000000000000                                                                                
3410001300099G 01341919593000000860010900137268201474743650002018451455000199SOMAFERTIL CAMINHOES LTDA     12012024000000000008600000000000000000090050079001     001479          10119122023000000000000016 00000000000000000000000000120120241
3410001300100H 010000000000000000                                         00000000000000000000000 00000000000000000000000 00000000000000000000000000000000000000                                                                                
3410001300101G 01033939593000009650091485849000000030505701042054164660000137UNICOM COMERCIAL DE AUTO PECAS1201202400000000009650000000000000000009045036ANF0     000000          30219122023000000000000600 00000000000000000000000000100720243
3410001300102H 010000000000000000                                         00000000000000000000000 00000000000000000000000301010001000000000000000000000000000000                                                                                
3410001300103G 01001979597000004580000000033822400000004081172041006447000155TESTBRASIL INSTRUMENTOS E EQUI16012024000000000045800000000000000000092854.A         000000          10219122023000000000000152 00000000000000000000000000150420241
3410001300104H 010000000000000000                                         00000000000000000000000 00000000000000000000000301010001000000000000000000000000000000                                                                                
3410001300105G 01237919598000004773419600900000007576009663002047892320000167C   C COMERCIO DE PNEUS LTDA  1701202400000000004773400000000000000009NP0012371      000000          10219122023000000000000191 00000000000000000000000000170320241
3410001300106H 010000000000000000                                         00000000000000000000000 00000000000000000000000218012024000000000000100000000000000000                                                                                
3410001300107G 01237999599000168828523720910001186075000106302060500246000154GOODYEAR DO BRASIL            18012024000000001688285000000000000000090316563601     000000          10219122023000000000001688301010001000000000000703000160720241
3410001300108H 010000000000000000                                         00000000000000000000000 00000000000000000000000301010001000000000000000000000000000000                                                                                
3410001300109G 01341919599000008650015700000183506239884410002014944717000104J.M. PECAS E SERVICOS LTDA    1801202400000000008650000000000000000009000977/1       006239          10119122023000000000000346 00000000000000000000000000180120241
3410001300110H 010000000000000000                                         00000000000000000000000 00000000000000000000000 00000000000000000000000000000000000000                                                                                
3410001300111G 01341969599000021600010900129414503668797160002023856225000140RENOVADORA PNEUS GBASTOS LTDA 1801202400000000021600000000000000000009229414         003665          10119122023000000000000288 00000000000000000000000000180120241
3410001300112H 010000000000000000                                         00000000000000000000000 00000000000000000000000118012024000000000004320000000000000000                                                                                
3410001300113G 02401979599000005656520233530000000000003299722047377883000117TRUCKNEEW PECAS E ACESSORIOS L1801202400000000005656500000000000000009               000000          10319122023000000000000000 00000000000000000000000000170220245
3410001300114H 020000000000000000                                         00000000000000000000000 00000000000000000000000301010001000000000000000000000000000000                                                                                
3410001300115G 01401979599000005656520233530000000000003299722047377883000117TRUCKNEEW PECAS E ACESSORIOS L1801202400000000005656500000000000000009               000000          10319122023000000000000000 00000000000000000000000000170220245
3410001300116H 010000000000000000                                         00000000000000000000000 00000000000000000000000301010001000000000000000000000000000000                                                                                
3410001300117G 01341969606003375000010900001698502638598370002014680779000148DE NIGRIS LOCACAO LTDA        2501202400000003375000000000000000000009ND01561801     002634          10119122023000000000011250 00000000000000000000000000250120241
3410001300118H 010000000000000000                                         00000000000000000000000 00000000000000000000000125012024000000003375000000000000000000                                                                                
3410001300119G 01001919609000007500000000025769050000160919172003635486000122RIMA COMERCIO DE PECAS LTDA   2801202400000000007500000000000000000009580436.1       000000          20219122023000000000000225 00000000000000000000000000270420241
3410001300120H 010000000000000000                                         00000000000000000000000 00000000000000000000000301010001000000000000000000000000000000                                                                                
3410001300121G 01033919611000291666690160255000000002603401012041613515000144WEB CARRETAS MONTAGEM IND PECA3001202400000000291666600000000000000009001264/3       000000          10219122023000000000000300 00000000000000000000000000280720243
3410001300122H 010000000000000000                                         00000000000000000000000 00000000000000000000000131012024000000000058333000000000000000                                                                                
3410001300123G 01756989622000225240013069013901815233750830022004501822000107ANGELLIRA TECNOLOGIA SEGURANCA1002202400000000225240000000000000000009150937.02      000000          10219122023000000000000751 00000000000000000000000000161220331
3410001300124H 010000000000000000                                         00000000000000000000000 00000000000000000000000111022024000000000045048000000000000000                                                                                
3410001300125G 01341989624000004010010900137266601474743650002018451455000199SOMAFERTIL CAMINHOES LTDA     12022024000000000040100000000000000000090050078002     001479          10119122023000000000000078 00000000000000000000000000120220241
3410001300126H 010000000000000000                                         00000000000000000000000 00000000000000000000000 00000000000000000000000000000000000000                                                                                
3410001300127G 01033959624000009650091485849000000030506501042054164660000137UNICOM COMERCIAL DE AUTO PECAS1202202400000000009650000000000000000009045036BNF0     000000          30219122023000000000000600 00000000000000000000000000100820243
3410001300128H 010000000000000000                                         00000000000000000000000 00000000000000000000000301010001000000000000000000000000000000                                                                                
3410001300129G 01237939628000004773319600900000007577009663002047892320000167C   C COMERCIO DE PNEUS LTDA  1602202400000000004773300000000000000009NP0012372      000000          10219122023000000000000191 00000000000000000000000000160420241
3410001300130H 010000000000000000                                         00000000000000000000000 00000000000000000000000217022024000000000000100000000000000000                                                                                
3410001300131G 01237999629000168828523720910001186076000106302060500246000154GOODYEAR DO BRASIL            17022024000000001688285000000000000000090316563602     000000          10219122023000000000001688301010001000000000000703000150820241
3410001300132H 010000000000000000                                         00000000000000000000000 00000000000000000000000301010001000000000000000000000000000000                                                                                
3410001300133G 01341989629000008650015700000184306239884410002014944717000104J.M. PECAS E SERVICOS LTDA    1702202400000000008650000000000000000009000977/2       006239          10119122023000000000000346 00000000000000000000000000170220241
3410001300134H 010000000000000000                                         00000000000000000000000 00000000000000000000000 00000000000000000000000000000000000000                                                                                
3410001300135G 02401929629000005656520233530000000000003299702047377883000117TRUCKNEEW PECAS E ACESSORIOS L1702202400000000005656500000000000000009               000000          10319122023000000000000000 00000000000000000000000000180320245
3410001300136H 020000000000000000                                         00000000000000000000000 00000000000000000000000301010001000000000000000000000000000000                                                                                
3410001300137G 01401929629000005656520233530000000000003299702047377883000117TRUCKNEEW PECAS E ACESSORIOS L1702202400000000005656500000000000000009               000000          10319122023000000000000000 00000000000000000000000000180320245
3410001300138H 010000000000000000                                         00000000000000000000000 00000000000000000000000301010001000000000000000000000000000000                                                                                
3410001300139G 01756929651000225240013069013901815233750900032004501822000107ANGELLIRA TECNOLOGIA SEGURANCA1003202400000000225240000000000000000009150937.03      000000          10219122023000000000000751 00000000000000000000000000161220331
3410001300140H 010000000000000000                                         00000000000000000000000 00000000000000000000000111032024000000000045048000000000000000                                                                                
3410001300141G 01341969653000004000010900137267401474743650002018451455000199SOMAFERTIL CAMINHOES LTDA     12032024000000000040000000000000000000090050078003     001479          10119122023000000000000078 00000000000000000000000000120320241
3410001300142H 010000000000000000                                         00000000000000000000000 00000000000000000000000 00000000000000000000000000000000000000                                                                                
3410001300143G 01033989653000009650091485849000000030507301042054164660000137UNICOM COMERCIAL DE AUTO PECAS1203202400000000009650000000000000000009045036CNF0     000000          30219122023000000000000600 00000000000000000000000000080920243
3410001300144H 010000000000000000                                         00000000000000000000000 00000000000000000000000301010001000000000000000000000000000000                                                                                
3410001300145G 31033919654000019750990211171000000002596801012044915518000201GOMMA DISTRIBUIDORA DE PNEUS L1303202400000000019750900000000000000009747/6          000000          10228092023000000000000240 00000000000000000000000000090920243
3410001300146H 310000000000000000                                         00000000000000000000000 00000000000000000000000114032024000000000003950000000000000000                                                                                
3410001300147G 01237959658000004773319600900000007578009663002047892320000167C   C COMERCIO DE PNEUS LTDA  1703202400000000004773300000000000000009NP0012373      000000          10219122023000000000000191 00000000000000000000000000160520241
3410001300148H 010000000000000000                                         00000000000000000000000 00000000000000000000000218032024000000000000100000000000000000                                                                                
3410001300149G 01237919659000168833623720910001186077000106302060500246000154GOODYEAR DO BRASIL            18032024000000001688336000000000000000090316563603     000000          10219122023000000000001688301010001000000000000703000140920241
3410001300150H 010000000000000000                                         00000000000000000000000 00000000000000000000000301010001000000000000000000000000000000                                                                                
3410001300151G 02401919659000005656620233530000000000003299692047377883000117TRUCKNEEW PECAS E ACESSORIOS L1803202400000000005656600000000000000009               000000          10319122023000000000000000 00000000000000000000000000170420245
3410001300152H 020000000000000000                                         00000000000000000000000 00000000000000000000000301010001000000000000000000000000000000                                                                                
3410001300153G 01401919659000005656620233530000000000003299692047377883000117TRUCKNEEW PECAS E ACESSORIOS L1803202400000000005656600000000000000009               000000          10319122023000000000000000 00000000000000000000000000170420245
3410001300154H 010000000000000000                                         00000000000000000000000 00000000000000000000000301010001000000000000000000000000000000                                                                                
3410001300155G 01033919684000009650091485849000000030508101042054164660000137UNICOM COMERCIAL DE AUTO PECAS1204202400000000009650000000000000000009045036DNF0     000000          30219122023000000000000600 00000000000000000000000000091020243
3410001300156H 010000000000000000                                         00000000000000000000000 00000000000000000000000301010001000000000000000000000000000000                                                                                
34100015         000158000000000074241826000000000000000000                                                                                                                                                                                     
34100021I0300022 2015665528000238                    00000 000000000000  CARGO POLO C L T EIRELI                                                                                                                                                
3410002300001G 01341959590000499000010905523755729380663270002033337122000127IPIRANGA PRODS DE PETROLEO    09012024000000004990000000000000000000090000768048     029389          10119122023000000000018297 00000000000000000000000000090120241
3410002300002H 010000000000000000                                         00000000000000000000000 00000000000000000000000 00000000000000000000000000000000000000                                                                                
3410002300003G 01341989596000011150010901214297405504517020002035512722000100REDIESEL RECIFE AUTOD LTDA    15012024000000000111500000000000000000091016848-A      005504          10119122023000000000000223 00000000000000000000000000150120241
3410002300004H 010000000000000000                                         00000000000000000000000 00000000000000000000000 00000000000000000000000000000000000000                                                                                
3410002300005G 01341979596000004325010901215588505504517020002035512722000100REDIESEL RECIFE AUTOD LTDA    15012024000000000043250000000000000000091016920-A      005504          10119122023000000000000086 00000000000000000000000000150120241
3410002300006H 010000000000000000                                         00000000000000000000000 00000000000000000000000 00000000000000000000000000000000000000                                                                                
3410002300007G 01341919598000005325010901216866405504517020002035512722000100REDIESEL RECIFE AUTOD LTDA    17012024000000000053250000000000000000091017519-A      005504          10119122023000000000000106 00000000000000000000000000170120241
3410002300008H 010000000000000000                                         00000000000000000000000 00000000000000000000000 00000000000000000000000000000000000000                                                                                
3410002300009G 01341919625000011150010901214298205504517020002035512722000100REDIESEL RECIFE AUTOD LTDA    13022024000000000111500000000000000000091016848-B      005504          10119122023000000000000223 00000000000000000000000000130220241
3410002300010H 010000000000000000                                         00000000000000000000000 00000000000000000000000 00000000000000000000000000000000000000                                                                                
3410002300011G 01341949626000004325010901215589305504517020002035512722000100REDIESEL RECIFE AUTOD LTDA    14022024000000000043250000000000000000091016920-B      005504          10119122023000000000000086 00000000000000000000000000140220241
3410002300012H 010000000000000000                                         00000000000000000000000 00000000000000000000000 00000000000000000000000000000000000000                                                                                
3410002300013G 01341989628000005325010901216867205504517020002035512722000100REDIESEL RECIFE AUTOD LTDA    16022024000000000053250000000000000000091017519-B      005504          10119122023000000000000106 00000000000000000000000000160220241
3410002300014H 010000000000000000                                         00000000000000000000000 00000000000000000000000 00000000000000000000000000000000000000                                                                                
3410002300015G 01341999655000011150010901214299005504517020002035512722000100REDIESEL RECIFE AUTOD LTDA    14032024000000000111500000000000000000091016848-C      005504          10119122023000000000000223 00000000000000000000000000140320241
3410002300016H 010000000000000000                                         00000000000000000000000 00000000000000000000000 00000000000000000000000000000000000000                                                                                
3410002300017G 01341989656000004325010901215590105504517020002035512722000100REDIESEL RECIFE AUTOD LTDA    15032024000000000043250000000000000000091016920-C      005504          10119122023000000000000086 00000000000000000000000000150320241
3410002300018H 010000000000000000                                         00000000000000000000000 00000000000000000000000 00000000000000000000000000000000000000                                                                                
3410002300019G 01341929659000005325010901216868005504517020002035512722000100REDIESEL RECIFE AUTOD LTDA    18032024000000000053250000000000000000091017519-C      005504          10119122023000000000000106 00000000000000000000000000180320241
3410002300020H 010000000000000000                                         00000000000000000000000 00000000000000000000000 00000000000000000000000000000000000000                                                                                
3410002300021G 01341929687000011150010901214300605504517020002035512722000100REDIESEL RECIFE AUTOD LTDA    15042024000000000111500000000000000000091016848-D      005504          10119122023000000000000223 00000000000000000000000000150420241
3410002300022H 010000000000000000                                         00000000000000000000000 00000000000000000000000 00000000000000000000000000000000000000                                                                                
3410002300023G 01341999687000004325010901215591905504517020002035512722000100REDIESEL RECIFE AUTOD LTDA    15042024000000000043250000000000000000091016920-D      005504          10119122023000000000000086 00000000000000000000000000150420241
3410002300024H 010000000000000000                                         00000000000000000000000 00000000000000000000000 00000000000000000000000000000000000000                                                                                
3410002300025G 01341929688000005325010901216869805504517020002035512722000100REDIESEL RECIFE AUTOD LTDA    16042024000000000053250000000000000000091017519-D      005504          10119122023000000000000106 00000000000000000000000000160420241
3410002300026H 010000000000000000                                         00000000000000000000000 00000000000000000000000 00000000000000000000000000000000000000                                                                                
34100025         000028000000000005822000000000000000000000                                                                                                                                                                                     
34100031I0300022 2015665528000408                    00000 000000000000  CARGO POLO C L T EIRELI                                                                                                                                                
3410003300001G 01341969595000005000010900506101915285035580002022772517000131CAPITAL DIESEL P S A LTDA ME  1401202400000000005000000000000000000009506101         015289          10119122023000000000000167 00000000000000000000000000140120241
3410003300002H 010000000000000000                                         00000000000000000000000 00000000000000000000000114012024000000000001500000000000000000                                                                                
34100035         000004000000000000050000000000000000000000                                                                                                                                                                                     
34100041I0300022 2015665528000580                    00000 000000000000  CARGO POLO C L T EIRELI                                                                                                                                                
3410004300001G 01341939594000025000010921479033106974211960002006247299000160POLI REMANUFATURA A P LTDA ME 1301202400000000025000000000000000000009012001 01      006973          10119122023000000000000333 00000000000000000000000000130120241
3410004300002H 010000000000000000                                         00000000000000000000000 00000000000000000000000 00000000000000000000000000000000000000                                                                                
3410004300003G 01341979599000020700015700000704615765470770002014878722000158FREITAS DIESEL C P S LTDA EPP 180120240000000002070000000000000000000920596          015768          10119122023000000000000345 00000000000000000000000000180120241
3410004300004H 010000000000000000                                         00000000000000000000000 00000000000000000000000118012024000000000004140000000000000000                                                                                
3410004300005G 01341979624000025000010921479034906974211960002006247299000160POLI REMANUFATURA A P LTDA ME 1202202400000000025000000000000000000009012001 02      006973          10119122023000000000000333 00000000000000000000000000120220241
3410004300006H 010000000000000000                                         00000000000000000000000 00000000000000000000000 00000000000000000000000000000000000000                                                                                
34100045         000008000000000000707000000000000000000000                                                                                                                                                                                     
34100051I0300022 2015665528000742                    00000 000000000000  CARGO POLO C L T EIRELI                                                                                                                                                
3410005300001G 01341919598000064666810932880396529383540530002005524572000193ICONIC LUBRIFICANTES S/A      17012024000000000646668000000000000000090000205620     029389          10119122023000000000002371 00000000000000000000000000170120241
3410005300002H 010000000000000000                                         00000000000000000000000 00000000000000000000000 00000000000000000000000000000000000000                                                                                
3410005300003G 01341929628000064666610932880397329383540530002005524572000193ICONIC LUBRIFICANTES S/A      16022024000000000646666000000000000000090000205620     029389          10119122023000000000002371 00000000000000000000000000160220241
3410005300004H 010000000000000000                                         00000000000000000000000 00000000000000000000000 00000000000000000000000000000000000000                                                                                
3410005300005G 01341979659000064666610932880398129383540530002005524572000193ICONIC LUBRIFICANTES S/A      18032024000000000646666000000000000000090000205620     029389          10119122023000000000002371 00000000000000000000000000180320241
3410005300006H 010000000000000000                                         00000000000000000000000 00000000000000000000000 00000000000000000000000000000000000000                                                                                
34100055         000008000000000001940000000000000000000000                                                                                                                                                                                     
34100061I0300022 2015665528001048                    00000 000000000000  CARGO POLO C L T EIRELI                                                                                                                                                
3410006300001G 01341919576000006464610908068526803680165980002051195790000149PERIM COM DE AUTO PECAS LTDA  2612202300000000006464600000000000000009110405-3       003681          10119122023000000000000172 00000000000000000000000000261220231
3410006300002H 010000000000000000                                         00000000000000000000000 00000000000000000000000126122023000000000001292000000000000000                                                                                
3410006300003G 01341929576000004298910908069697603680165980002051195790000149PERIM COM DE AUTO PECAS LTDA  2612202300000000004298900000000000000009112632-1       003681          10119122023000000000000115 00000000000000000000000000261220231
3410006300004H 010000000000000000                                         00000000000000000000000 00000000000000000000000126122023000000000000859000000000000000                                                                                
3410006300005G 01341989598000009400010900360779863961234470002002706707000143CARLINHOS P PARA CAMINHOES LTD1701202400000000009400000000000000000009437933/1       063966          10119122023000000000000251 00000000000000000000000000170120241
3410006300006H 010000000000000000                                         00000000000000000000000 00000000000000000000000 00000000000000000000000000000000000000                                                                                
3410006300007G 01341999598000060093010966371734803556426610002047964168000180RODOPECAS LTDA EPP            17012024000000000600930000000000000000090323042-AE     003558          10119122023000000000002003 00000000000000000000000000170120241
3410006300008H 010000000000000000                                         00000000000000000000000 00000000000000000000000117012024000000000012019000000000000000                                                                                
3410006300009G 01341939598000013163410900360256815631570050002067943738000163UNICAP RENOVADORA PNEUS LTDA  1701202400000000013163400000000000000009360256         015636          10119122023000000000000088 00000000000000000000000000170120241
3410006300010H 010000000000000000                                         00000000000000000000000 00000000000000000000000 00000000000000000000000000000000000000                                                                                
3410006300011G 01341929598000006360010900360337615631570050002067943738000163UNICAP RENOVADORA PNEUS LTDA  1701202400000000006360000000000000000009360337         015636          10119122023000000000000042 00000000000000000000000000170120241
3410006300012H 010000000000000000                                         00000000000000000000000 00000000000000000000000 00000000000000000000000000000000000000                                                                                
3410006300013G 01341929628000060093010966371735503556426610002047964168000180RODOPECAS LTDA EPP            16022024000000000600930000000000000000090323042-BE     003558          10119122023000000000002003 00000000000000000000000000160220241
3410006300014H 010000000000000000                                         00000000000000000000000 00000000000000000000000116022024000000000012019000000000000000                                                                                
3410006300015G 01341939628000013163310900360257615631570050002067943738000163UNICAP RENOVADORA PNEUS LTDA  1602202400000000013163300000000000000009360257         015636          10119122023000000000000088 00000000000000000000000000160220241
3410006300016H 010000000000000000                                         00000000000000000000000 00000000000000000000000 00000000000000000000000000000000000000                                                                                
3410006300017G 01341919628000006360010900360338415631570050002067943738000163UNICAP RENOVADORA PNEUS LTDA  1602202400000000006360000000000000000009360338         015636          10119122023000000000000042 00000000000000000000000000160220241
3410006300018H 010000000000000000                                         00000000000000000000000 00000000000000000000000 00000000000000000000000000000000000000                                                                                
3410006300019G 01341919658000060093010966371736303556426610002047964168000180RODOPECAS LTDA EPP            17032024000000000600930000000000000000090323042-CE     003558          10119122023000000000002003 00000000000000000000000000170320241
3410006300020H 010000000000000000                                         00000000000000000000000 00000000000000000000000117032024000000000012019000000000000000                                                                                
3410006300021G 01341929658000013163310900360258415631570050002067943738000163UNICAP RENOVADORA PNEUS LTDA  1703202400000000013163300000000000000009360258         015636          10119122023000000000000088 00000000000000000000000000170320241
3410006300022H 010000000000000000                                         00000000000000000000000 00000000000000000000000 00000000000000000000000000000000000000                                                                                
3410006300023G 01341999658000006360010900360339215631570050002067943738000163UNICAP RENOVADORA PNEUS LTDA  1703202400000000006360000000000000000009360339         015636          10119122023000000000000042 00000000000000000000000000170320241
3410006300024H 010000000000000000                                         00000000000000000000000 00000000000000000000000 00000000000000000000000000000000000000                                                                                
3410006300025G 01341919688000060093010966371737103556426610002047964168000180RODOPECAS LTDA EPP            16042024000000000600930000000000000000090323042-DE     003558          10119122023000000000002003 00000000000000000000000000160420241
3410006300026H 010000000000000000                                         00000000000000000000000 00000000000000000000000116042024000000000012019000000000000000                                                                                
34100065         000028000000000003191055000000000000000000                                                                                                                                                                                     
34100071I0300022 2015665528001200                    00000 000000000000  CARGO POLO C L T EIRELI                                                                                                                                                
3410007300001G 01341999569000035920015700041317188923499970002003078911000120VOLSUL COMERCIO DE PECAS LTDA 19122023000000000359200000000000000000098304           088922          10119122023000000000001197 00000000000000000000000000191220231
3410007300002H 010000000000000000                                         00000000000000000000000 00000000000000000000000119122023000000000007184000000000000000                                                                                
3410007300003G 01341919575000025300015700000379741429943770002008298604000178AUTO MECANICA VOLPASTER LTDA  25122023000000000253000000000000000000093231           041426          10119122023000000000000843 00000000000000000000000000251220231
3410007300004H 010000000000000000                                         00000000000000000000000 00000000000000000000000125122023000000000005060000000000000000                                                                                
3410007300005G 01341959579000012200015700000380541429943770002008298604000178AUTO MECANICA VOLPASTER LTDA  29122023000000000122000000000000000000093232           041426          10119122023000000000000407 00000000000000000000000000291220231
3410007300006H 010000000000000000                                         00000000000000000000000 00000000000000000000000129122023000000000002440000000000000000                                                                                
3410007300007G 01341929593000019512015700041311488923499970002003078911000120VOLSUL COMERCIO DE PECAS LTDA 12012024000000000195120000000000000000098302/1         088922          10119122023000000000000650 00000000000000000000000000120120241
3410007300008H 010000000000000000                                         00000000000000000000000 00000000000000000000000112012024000000000003902000000000000000                                                                                
3410007300009G 01341929597000009582110900109257807804547080002008990607000178V. PERECK CIA. LTDA - ME      16012024000000000095821000000000000000090001906571     007807          10119122023000000000000096 00000000000000000000000000160120241
3410007300010H 010000000000000000                                         00000000000000000000000 00000000000000000000000116012024000000000001916000000000000000                                                                                
3410007300011G 01341919598000002060710900109260207804547080002008990607000178V. PERECK CIA. LTDA - ME      1701202400000000002060700000000000000009000190658      007807          10119122023000000000000021 00000000000000000000000000170120241
3410007300012H 010000000000000000                                         00000000000000000000000 00000000000000000000000117012024000000000000412000000000000000                                                                                
3410007300013G 01341999621000019512015700041312288923499970002003078911000120VOLSUL COMERCIO DE PECAS LTDA 09022024000000000195120000000000000000098302/2         088922          10119122023000000000000650 00000000000000000000000000090220241
3410007300014H 010000000000000000                                         00000000000000000000000 00000000000000000000000109022024000000000003902000000000000000                                                                                
3410007300015G 01341919627000009582110900109258607804547080002008990607000178V. PERECK CIA. LTDA - ME      15022024000000000095821000000000000000090001906572     007807          10119122023000000000000096 00000000000000000000000000150220241
3410007300016H 010000000000000000                                         00000000000000000000000 00000000000000000000000115022024000000000001916000000000000000                                                                                
3410007300017G 01341949649000019512115700041313088923499970002003078911000120VOLSUL COMERCIO DE PECAS LTDA 08032024000000000195121000000000000000098302/3         088922          10119122023000000000000650 00000000000000000000000000080320241
3410007300018H 010000000000000000                                         00000000000000000000000 00000000000000000000000108032024000000000003902000000000000000                                                                                
3410007300019G 01341999657000009582110900109259407804547080002008990607000178V. PERECK CIA. LTDA - ME      16032024000000000095821000000000000000090001906573     007807          10119122023000000000000096 00000000000000000000000000160320241
3410007300020H 010000000000000000                                         00000000000000000000000 00000000000000000000000118032024000000000001916000000000000000                                                                                
34100075         000022000000000001627631000000000000000000                                                                                                                                                                                     
34199999         000007000258                                                                                                                                                                                                                   
