34100000         228537185000197                    00000 000000000000  BS LOGISTICA SA               BANCO ITAU S.A.                         220122023052619000012084                                                                          
34100011I0300022 2028537185000197                    00000 000000000000  BS LOGISTICA SA                                                                                                                                                        
3410001300001G 01341959576000012750010905010838203680165980002051195790000149PERIM COM DE AUTO PECAS LTDA  2612202300000000012750000000000000000009179315-2       003681          10119122023000000000000340 00000000000000000000000000261220231
3410001300002H 010000000000000000                                         00000000000000000000000 00000000000000000000000126122023000000000002550000000000000000                                                                                
3410001300003G 01341969576000008559010905010844003680165980002051195790000149PERIM COM DE AUTO PECAS LTDA  2612202300000000008559000000000000000009179321-2       003681          10119122023000000000000228 00000000000000000000000000261220231
3410001300004H 010000000000000000                                         00000000000000000000000 00000000000000000000000126122023000000000001711000000000000000                                                                                
3410001300005G 01341919576000004543010905011718503680165980002051195790000149PERIM COM DE AUTO PECAS LTDA  2612202300000000004543000000000000000009180283-1       003681          10119122023000000000000121 00000000000000000000000000261220231
3410001300006H 010000000000000000                                         00000000000000000000000 00000000000000000000000126122023000000000000908000000000000000                                                                                
34100015         000008000000000000258520000000000000000000                                                                                                                                                                                     
34199999         000001000010                                                                                                                                                                                                                   
