34100000         242564951000133                    00000 000000000000  GCP SERVICOS LOG SOL TRANSP LTBANCO ITAU S.A.                         220122023061433000005084                                                                          
34100011I0300022 2042564951000133                    00000 000000000000  GCP SERVICOS LOG SOL TRANSP LT                                                                                                                                         
3410001300001G 01341919926000018050015700000025248904504080002004108518000609CESTA BASICA BRASIL COMERCIO D1012202400000000018050000000000000000009000000039      048900          10119122023000000000000060 00000000000000000000000000101220241
3410001300002H 010000000000000000                                         00000000000000000000000 00000000000000000000000110122024000000000001805000000000000000                                                                                
34100015         000004000000000000180500000000000000000000                                                                                                                                                                                     
34199999         000001000006                                                                                                                                                                                                                   
