34100000         215665528000157                    00000 000000000000  CARGO POLO C L T EIRELI       BANCO ITAU S.A.                         221122023042523000014084                                                                          
34100011I0300022 2015665528000157                    00000 000000000000  CARGO POLO C L T EIRELI                                                                                                                                                
3410001300001G 01341969514000001041310900000142707100834860002023083064000107E-MATRIZ LOCADORA VEICULOSLTDA25102023000000000010413000000000000000091928           007104          11020122023000000000000003 00000000000000000000000000251020231
3410001300002H 010000000000000000                                         00000000000000000000000 00000000000000000000000125102023000000000000208000000000000000                                                                                
3410001300003G 01341939514000001041310900000155907100834860002023083064000107E-MATRIZ LOCADORA VEICULOSLTDA25102023000000000010413000000000000000091951           007104          11020122023000000000000003 00000000000000000000000000251020231
3410001300004H 010000000000000000                                         00000000000000000000000 00000000000000000000000125102023000000000000208000000000000000                                                                                
3410001300005G 01341929514000012860010900000161707100834860002023083064000107E-MATRIZ LOCADORA VEICULOSLTDA25102023000000000128600000000000000000091969           007104          11020122023000000000000043 00000000000000000000000000251020231
3410001300006H 010000000000000000                                         00000000000000000000000 00000000000000000000000125102023000000000002572000000000000000                                                                                
3410001300007G 01341989514000012860010900000162507100834860002023083064000107E-MATRIZ LOCADORA VEICULOSLTDA25102023000000000128600000000000000000091970           007104          11020122023000000000000043 00000000000000000000000000251020231
3410001300008H 010000000000000000                                         00000000000000000000000 00000000000000000000000125102023000000000002572000000000000000                                                                                
3410001300009G 02033999562000019500091168274000000000071401012031747750000155VALERIA QUINTILIANO DA SILVA M12122023000000000195000000000000000000090              000000          10210112023000000000000400 00000000000000000000000000090620243
3410001300010H 020000000000000000                                         00000000000000000000000 00000000000000000000000114122023000000000007800000000000000000                                                                                
3410001300011G 02033989562000021300091168274000000000071501012031747750000155VALERIA QUINTILIANO DA SILVA M12122023000000000213000000000000000000090              000000          10210112023000000000000400 00000000000000000000000000090620243
3410001300012H 020000000000000000                                         00000000000000000000000 00000000000000000000000114122023000000000008520000000000000000                                                                                
3410001300013G 02033929562000026800091168274000000000071801012031747750000155VALERIA QUINTILIANO DA SILVA M12122023000000000268000000000000000000090              000000          10224112023000000000000400 00000000000000000000000000090620243
3410001300014H 020000000000000000                                         00000000000000000000000 00000000000000000000000114122023000000000010720000000000000000                                                                                
3410001300015G 02033939562000036000091168274000000000071901012031747750000155VALERIA QUINTILIANO DA SILVA M12122023000000000360000000000000000000090              000000          10224112023000000000000400 00000000000000000000000000090620243
3410001300016H 020000000000000000                                         00000000000000000000000 00000000000000000000000114122023000000000014400000000000000000                                                                                
3410001300017G 02033989562000018000091168274000000000072001012031747750000155VALERIA QUINTILIANO DA SILVA M12122023000000000180000000000000000000090              000000          10224112023000000000000400 00000000000000000000000000090620243
3410001300018H 020000000000000000                                         00000000000000000000000 00000000000000000000000114122023000000000007200000000000000000                                                                                
3410001300019G 02033959562000028000091168274000000000072101012031747750000155VALERIA QUINTILIANO DA SILVA M12122023000000000280000000000000000000090              000000          10224112023000000000000400 00000000000000000000000000090620243
3410001300020H 020000000000000000                                         00000000000000000000000 00000000000000000000000114122023000000000011200000000000000000                                                                                
3410001300021G 02033919562000010500091168274000000000072201012031747750000155VALERIA QUINTILIANO DA SILVA M12122023000000000105000000000000000000090              000000          10224112023000000000000400 00000000000000000000000000090620243
3410001300022H 020000000000000000                                         00000000000000000000000 00000000000000000000000114122023000000000004200000000000000000                                                                                
3410001300023G 02001919564000001561200000029414560001853433172002772704000108FUNDO DE FISCALIZACAO DAS TELE1412202300000000001561200000000000000009               000000          10414122023000000000000000 00000000000000000000000000141220235
3410001300024H 020000000000000000                                         00000000000000000000000 00000000000000000000000301010001000000000000000000000000000000                                                                                
3410001300025G 02001919568000012836000000030300390000000833172027909384000116J E SERVICOS DE MANUTENCAO LTD1812202300000000012836000000000000000009222046.03      000000          10228092023000000000000200 00000000000000000000000000121220243
3410001300026H 020000000000000000                                         00000000000000000000000 00000000000000000000000220122023000000000000350000000000008630                                                                                
3410001300027G 02756919570000108325713069013901815233743820012004501822000107ANGELLIRA TECNOLOGIA SEGURANCA2012202300000000108325700000000000000009149674.01      000000          10204122023000000000000361 00000000000000000000000000011220331
3410001300028H 020000000000000000                                         00000000000000000000000 00000000000000000000000121122023000000000021665000000000000000                                                                                
3410001300029G 02237919570000015787503950933360000008009693302005030664000117AUTO SOCORRO JACAREI LTDA ME  2012202300000000015787500000000000000009815            000000          10402122023000000000000287 00000000000000000000000000180220241
3410001300030H 020000000000000000                                         00000000000000000000000 00000000000000000000000124122023000000000001687000000000000000                                                                                
3410001300031G 01341919570000669857787139860150420400130920002017192451000170BANCO ITAUCARD S/A            2012202300000000669857700000000000000009               020404          19920122023000000000000000 00000000000000000000000000201220235
3410001300032H 012015665528000157CARGO POLO C L T EIRELI                  00000000000000000000000 00000000000000000000000301010001000000000000000000000000000000                                                                                
3410001300033G 01341919570000358605787139860199120400130920002017192451000170BANCO ITAUCARD S/A            2012202300000000358605700000000000000009               020404          19920122023000000000000000 00000000000000000000000000201220235
3410001300034H 012015665528000157CARGO POLO C L T EIRELI                  00000000000000000000000 00000000000000000000000301010001000000000000000000000000000000                                                                                
3410001300035G 02341999570000897842687139849641820400130920002017192451000170BANCO ITAUCARD S/A            2012202300000000897842600000000000000009               020404          19919122023000000000000000 00000000000000000000000000201220235
3410001300036H 022015665528000157CARGO POLO C L T EIRELI                  00000000000000000000000 00000000000000000000000301010001000000000000000000000000000000                                                                                
3410001300037G 01341959570000389152687139860175120400130920002017192451000170BANCO ITAUCARD S/A            2012202300000000389152600000000000000009               020404          19920122023000000000000000 00000000000000000000000000201220235
3410001300038H 012015665528000157CARGO POLO C L T EIRELI                  00000000000000000000000 00000000000000000000000301010001000000000000000000000000000000                                                                                
3410001300039G 02237949570000002793023741923613226222023138002033603457000140BANCO RODOBENS SA             20122023000000000027930000000000000000090001472603     000000          10225092023000000000000009 00000000000000000000000000180120241
3410001300040H 022059970624000184RODOBENS CAMINHOES CIRASA S A            00000000000000000000000 00000000000000000000000221122023000000000000200000000000000000                                                                                
3410001300041G 02237979570000022207023741923613226217023138002033603457000140BANCO RODOBENS SA             20122023000000000222070000000000000000090005743303     000000          10225092023000000000000074 00000000000000000000000000180120241
3410001300042H 022059970624000184RODOBENS CAMINHOES CIRASA S A            00000000000000000000000 00000000000000000000000221122023000000000000200000000000000000                                                                                
3410001300043G 02033949570000011450090367426000000000007901012005771114000159BR AUTO PECAS LTDA ME         2012202300000000011450000000000000000009NF8922         000000          10211122023000000000001000 00000000000000000000000000180120243
3410001300044H 020000000000000000                                         00000000000000000000000 00000000000000000000000122122023000000000002290000000000000000                                                                                
3410001300045G 02104989570001154303411567010001000400000033932039459331000634CAIXA CARTOES PRE-PAGOS S.A.  2012202300000001154303400000000000000009BLI0365P00     000000          10218052023000000000000100 00000000000000000000000000191220243
3410001300046H 020000000000000000                                         00000000000000000000000 00000000000000000000000221122023000000000001000000000000000000                                                                                
3410001300047G 02237969570000016082604900904900012920002217702066944158000128CASA DO OLEO RIBEIRAO PRETO LT201220230000000001608260000000000000000915611-2        000000          10213112023000000000000434 00000000000000000000000000180220241
3410001300048H 020000000000000000                                         00000000000000000000000 00000000000000000000000221122023000000000000200000000000000000                                                                                
3410001300049G 02237999570000004766704900904900013493002217702066944158000128CASA DO OLEO RIBEIRAO PRETO LT201220230000000000476670000000000000000916246-1        000000          10227112023000000000000129 00000000000000000000000000180220241
3410001300050H 020000000000000000                                         00000000000000000000000 00000000000000000000000221122023000000000000200000000000000000                                                                                
3410001300051G 02422919570000001077671780000585920796817798922017903602000232E C F BRITTO                  2012202300000000001077600000000000000009477            000000          10204122023000000000000000 00000000000000000000000000190320245
3410001300052H 020000000000000000                                         00000000000000000000000 00000000000000000000000301010001000000000000000000000000000000                                                                                
3410001300053G 02756959570000000725013360010428108005186640012033864772000120FC SERVICOS DE COMUNICACAO MUL201220230000000000072500000000000000000951866          000000          10230102023000000000000002 00000000000000000000000000160620241
3410001300054H 020000000000000000                                         00000000000000000000000 00000000000000000000000221122023000000000000200000000000000000                                                                                
3410001300055G 02401949570000006999920233420000000000001389392010885840000132FRETEBRAS INTERNET E SERVICOS 2012202300000000006999900000000000000009               000000          10308122023000000000000023115122023000000000003499000190120241
3410001300056H 020000000000000000                                         00000000000000000000000 00000000000000000000000221122023000000000000200000000000000000                                                                                
3410001300057G 02748979570000007750011192283799091419420521002005448784000139FUTURA CAMINHOES E MAQUINAS LT20122023000000000077500000000000000000090033312301     000000          10329112023000000000000600 00000000000000000000000000171220333
3410001300058H 020000000000000000                                         00000000000000000000000 00000000000000000000000221122023000000000000200000000000000000                                                                                
3410001300059G 02033939570000012900099085319000002205743901012056028251000309GAPLAN CAMINHOES LTDA         2012202300000000012900000000000000000009279726-3       000000          10225092023000000000000600 00000000000000000000000000140120243
3410001300060H 020000000000000000                                         00000000000000000000000 00000000000000000000000301010001000000000000000000000000000000                                                                                
3410001300061G 02033919570000059849090211171000000002300001012044915518000201GOMMA DISTRIBUIDORA DE PNEUS L2012202300000000059849000000000000000009653/4          000000          30222082023000000000000240 00000000000000000000000000170620243
3410001300062H 020000000000000000                                         00000000000000000000000 00000000000000000000000121122023000000000011970000000000000000                                                                                
3410001300063G 02033919570000019949790101549000000002092301012044915518000120GOMMA DISTRIBUIDORA DE PNEUS L2012202300000000019949700000000000000009645/4          000000          10222082023000000000000241 00000000000000000000000000170620243
3410001300064H 020000000000000000                                         00000000000000000000000 00000000000000000000000121122023000000000003990000000000000000                                                                                
3410001300065G 02033939570000029609490211171000000003097001012044915518000201GOMMA DISTRIBUIDORA DE PNEUS L2012202300000000029609400000000000000009876/2          000000          30227102023000000000000240 00000000000000000000000000170620243
3410001300066H 020000000000000000                                         00000000000000000000000 00000000000000000000000121122023000000000005922000000000000000                                                                                
3410001300067G 02033919570000079470390211171000000003091001012044915518000201GOMMA DISTRIBUIDORA DE PNEUS L2012202300000000079470300000000000000009875/2          000000          30227102023000000000000240 00000000000000000000000000170620243
3410001300068H 020000000000000000                                         00000000000000000000000 00000000000000000000000121122023000000000015894000000000000000                                                                                
3410001300069G 02033979570000020088690101549000000002467801012044915518000120GOMMA DISTRIBUIDORA DE PNEUS L2012202300000000020088600000000000000009746/2          000000          10227102023000000000000240 00000000000000000000000000170620243
3410001300070H 020000000000000000                                         00000000000000000000000 00000000000000000000000121122023000000000004018000000000000000                                                                                
3410001300071G 02033979567000010086090246371000000000090501012049090647000140NORDESTE DIESEL LTDA ME       20122023000000000100860000000000000000097438           000000          10227112023000000000000200 00000000000000000000000000180120243
3410001300072H 020000000000000000                                         00000000000000000000000 00000000000000000000000123122023000000000002017000000000000000                                                                                
3410001300073G 02033959570000010800090246371000000000091801012049090647000140NORDESTE DIESEL LTDA ME       2012202300000000010800000000000000000009697            000000          10230112023000000000000200 00000000000000000000000000180120243
3410001300074H 020000000000000000                                         00000000000000000000000 00000000000000000000000123122023000000000002160000000000000000                                                                                
3410001300075G 02237989570000002999911000900000088169001938002030342266000183ONF CONSULTORIA E GESTAO LTDA 201220230000000000299990000000000000000938323 1        000000          10206122023000000000000010 00000000000000000000000000180220241
3410001300076H 020000000000000000                                         00000000000000000000000 00000000000000000000000221122023000000000000200000000000000000                                                                                
3410001300077G 02633939570000004000100011122524986003357385992017819084000192PAGCERTO INSTITUICAO DE PAGAME20122023000000000040001000000000000000091000039646     000000          10221092023000000000000099 00000000000000000000000000230220243
3410001300078H 022044266247000120VW TECH CAMINHOES LTDA                   00000000000000000000000 00000000000000000000000221122023000000000000099000000000000000                                                                                
3410001300079G 02633969570000018200300011122524986003357399932017819084000192PAGCERTO INSTITUICAO DE PAGAME20122023000000000182003000000000000000091000039647     000000          10221092023000000000000099 00000000000000000000000000230220243
3410001300080H 022044266247000120VW TECH CAMINHOES LTDA                   00000000000000000000000 00000000000000000000000221122023000000000000099000000000000000                                                                                
3410001300081G 02633999570000013025000011122524986003357408762017819084000192PAGCERTO INSTITUICAO DE PAGAME20122023000000000130250000000000000000091000039648     000000          10221092023000000000000099 00000000000000000000000000230220243
3410001300082H 022044266247000120VW TECH CAMINHOES LTDA                   00000000000000000000000 00000000000000000000000221122023000000000000099000000000000000                                                                                
3410001300083G 02633999570000000855000011122524986003357422942017819084000192PAGCERTO INSTITUICAO DE PAGAME20122023000000000008550000000000000000091000039649     000000          10221092023000000000000099 00000000000000000000000000230220243
3410001300084H 022044266247000120VW TECH CAMINHOES LTDA                   00000000000000000000000 00000000000000000000000221122023000000000000099000000000000000                                                                                
3410001300085G 02237939570000007500015800900000014777004046002002988538000181POSTO PARAKY                  20122023000000000075000000000000000000090000014777     000000          10216022023000000000000025 00000000000000000000000000180220241
3410001300086H 020000000000000000                                         00000000000000000000000 00000000000000000000000221122023000000000001000000000000000000                                                                                
3410001300087G 01001959572000000781000000030430449015496889172004892707000100DNIT.DEPARTAMENTO NACIONAL DE 2212202300000000000781000000000000000009               000000          10420122023000000000000000 00000000000000000000000000221220235
3410001300088H 010000000000000000                                         00000000000000000000000 00000000000000000000000301010001000000000000000000000000000000                                                                                
3410001300089G 01001959572000000781000000030430449015496947172004892707000100DNIT.DEPARTAMENTO NACIONAL DE 2212202300000000000781000000000000000009               000000          10420122023000000000000000 00000000000000000000000000221220235
3410001300090H 010000000000000000                                         00000000000000000000000 00000000000000000000000301010001000000000000000000000000000000                                                                                
3410001300091G 01001949572000001561900000030430449015497126172004892707000100DNIT.DEPARTAMENTO NACIONAL DE 2212202300000000001561900000000000000009               000000          10420122023000000000000000 00000000000000000000000000221220235
3410001300092H 010000000000000000                                         00000000000000000000000 00000000000000000000000301010001000000000000000000000000000000                                                                                
3410001300093G 31237979565000001475219010900000011395004471202010243226000177GADE SOLUTION                 2212202300000000001475200000000000000009218413 1       000000          10205122023000000000000028 00000000000000000000000000200220241
3410001300094H 310000000000000000                                         00000000000000000000000 00000000000000000000000223122023000000000000200000000000000000                                                                                
3410001300095G 01237919572000025000033812600883006134000063302018236120000158NU PAGAMENTOS S.A.            2212202300000000025000000000000000000009883006134      000000          10120122023000000000000000 00000000000000000000000000160120245
3410001300096H 01204699017100010646.990.171 LEANDRO SILVA DE OL           00000000000000000000000 00000000000000000000000301010001000000000000000000000000000000                                                                                
3410001300097G 01748969576000043000011600000150071838094791082050990178000103ALLYF M RODRIGUES BEZERRA     261220230000000004300000000000000000000951             000000          19920122023000000000000000 00000000000000000000000000231220335
3410001300098H 010000000000000000                                         00000000000000000000000 00000000000000000000000301010001000000000000000000000000000000                                                                                
3410001300099G 01237919576000001299915970400000074028003490402048871087000107RUPI TELECOM LTDA             2612202300000000001299900000000000000009FCFCF086C2     000000          10420122023000000000000099 00000000000000000000000000240220243
3410001300100H 010000000000000000                                         00000000000000000000000 00000000000000000000000227122023000000000000200000000000000000                                                                                
3410001300101G 31341919578000021650010900546597026394030190002019377865000108FORNECEDORA CAMINHOES         28122023000000000216500000000000000000090004146001     026393          10128112023000000000000361 00000000000000000000000000281220231
3410001300102H 310000000000000000                                         00000000000000000000000 00000000000000000000000128122023000000000004330000000000000000                                                                                
3410001300103G 01001939582000006600011687090749310600012125172015761802000191RECAPAGEM CANINDE LIMITADA    010120240000000000660000000000000000000920230525.0     000000          10220122023000000000000176 00000000000000000000000000290220241
3410001300104H 010000000000000000                                         00000000000000000000000 00000000000000000000000202012024000000000000200000000000000000                                                                                
3410001300105G 01033979586000011800098530297000015180361901012008561701000101PAGSEGURO INTERNET INSTITUICAO0501202400000000011800000000000000000009151803619      000000          10220122023000000000000000 00000000000000000000000000040220245
3410001300106H 012048757522000169DIAS E FLORENTINO ESTETICA AUT           00000000000000000000000 00000000000000000000000301010001000000000000000000000000000000                                                                                
3410001300107G 01341949590000251250010905526891729380663270002033337122000127IPIRANGA PRODS DE PETROLEO    09012024000000002512500000000000000000090000294182     029389          10120122023000000000009213 00000000000000000000000000090120241
3410001300108H 010000000000000000                                         00000000000000000000000 00000000000000000000000 00000000000000000000000000000000000000                                                                                
3410001300109G 01748999591000010146911232015767071068625421062029268056000103D E BOMBASE LTDA              100120240000000001014690000000000000000900011517A1     000000          10320122023000000000000810 00000000000000000000000000070120343
3410001300110H 010000000000000000                                         00000000000000000000000 00000000000000000000000211012024000000000000500000000000000000                                                                                
3410001300111G 01748919591000014100011231018684260213019501002020124000000100M A SERVICOS DE DIGITACAO EIRE1001202400000000014100000000000000000009NF 7585        000000          10320122023000000000000050 00000000000000000000000000070120341
3410001300112H 010000000000000000                                         00000000000000000000000 00000000000000000000000211012024000000000000200000000000000000                                                                                
3410001300113G 01756949591000030000013154010570508000219620012032607676000134MECAMPATOS PECAS E SERVICOS ME1001202400000000030000000000000000000009OS2287         000000          10220122023000000000000200 00000000000000000000000000070720243
3410001300114H 010000000000000000                                         00000000000000000000000 00000000000000000000000211012024000000000000200000000000000000                                                                                
3410001300115G 01756979591000003800013154010570508000219700012032607676000134MECAMPATOS PECAS E SERVICOS ME1001202400000000003800000000000000000009OS2295         000000          10220122023000000000000200 00000000000000000000000000070720243
3410001300116H 010000000000000000                                         00000000000000000000000 00000000000000000000000211012024000000000000200000000000000000                                                                                
3410001300117G 01001969591000006772000000034910720000000939172045515844000103MECANSERVICE SERVICOS MECANICO1001202400000000006772000000000000000009OS2295         000000          10220122023000000000000200 00000000000000000000000000090520243
3410001300118H 010000000000000000                                         00000000000000000000000 00000000000000000000000211012024000000000000200000000000000000                                                                                
3410001300119G 01001979591000006000000000034910720000000938172045515844000103MECANSERVICE SERVICOS MECANICO1001202400000000006000000000000000000009OS2287         000000          10220122023000000000000200 00000000000000000000000000090520243
3410001300120H 010000000000000000                                         00000000000000000000000 00000000000000000000000211012024000000000000200000000000000000                                                                                
3410001300121G 01341949594000005534810946557679989070004110002012654090000113WILSON AUTOPECAS LTDA         1301202400000000005534800000000000000009NF-072900-     089078          10120122023000000000000111 00000000000000000000000000130120241
3410001300122H 010000000000000000                                         00000000000000000000000 00000000000000000000000114012024000000000001106000000000000000                                                                                
3410001300123G 01341969595000002700010946557689889070004110002012654090000113WILSON AUTOPECAS LTDA         1401202400000000002700000000000000000009NF-072911      089078          10120122023000000000000054 00000000000000000000000000140120241
3410001300124H 010000000000000000                                         00000000000000000000000 00000000000000000000000115012024000000000000540000000000000000                                                                                
3410001300125G 01341949596007074533710930246384529383809340002025265787000144INTEGRA FROTAS LTDA           15012024000000070745337000000000000000090000093370     029389          10120122023000000000023582 00000000000000000000000000150120241
3410001300126H 010000000000000000                                         00000000000000000000000 00000000000000000000000115012024000000001414907000000000000000                                                                                
3410001300127G 01033949597000009240090416503000000000000801012050939817000106GOLD MOBILE LTDA              1601202400000000009240000000000000000009GRUPO CARG     000000          19920122023000000000001500 00000000000000000000000000140220243
3410001300128H 010000000000000000                                         00000000000000000000000 00000000000000000000000118012024000000000009240000000000000000                                                                                
3410001300129G 01033969597000009240090416503000000000000401012050939817000106GOLD MOBILE LTDA              1601202400000000009240000000000000000009GRUPO CARG     000000          19920122023000000000001000 00000000000000000000000000140220243
3410001300130H 010000000000000000                                         00000000000000000000000 00000000000000000000000118012024000000000002772000000000000000                                                                                
3410001300131G 01341919599000057000010904018389012480490560002001836398000163BANCO DAYCOVAL SA             1801202400000000057000000000000000000009043418/1       012484          10120122023000000000002280 00000000000000000000000000180120241
3410001300132H 012001836398000163GM IND PEC SERV E MANUTENCOES            00000000000000000000000 00000000000000000000000 00000000000000000000000000000000000000                                                                                
3410001300133G 01237919599000004717433760923600037202000001302045231016000143RIBEIRAO DIESEL               1801202400000000004717400000000000000009FA34420001     000000          10220122023000000000000055 00000000000000000000000000180320241
3410001300134H 010000000000000000                                         00000000000000000000000 00000000000000000000000219012024000000000000100000000000000000                                                                                
3410001300135G 01237919599000003493333760923600037176000001302045231016000143RIBEIRAO DIESEL               1801202400000000003493300000000000000009FA34417501     000000          10220122023000000000000041 00000000000000000000000000180320241
3410001300136H 010000000000000000                                         00000000000000000000000 00000000000000000000000219012024000000000000100000000000000000                                                                                
3410001300137G 01033919599000291666890160255000000002617401012041613515000144WEB CARRETAS MONTAGEM IND PECA1801202400000000291666800000000000000009001273/1       000000          10220122023000000000000300 00000000000000000000000000160720243
3410001300138H 010000000000000000                                         00000000000000000000000 00000000000000000000000119012024000000000058333000000000000000                                                                                
3410001300139G 01341969600000012282510900047590401443003730002034507958000195D - CAMINHO CAMINHOES LTDA.   19012024000000000122825000000000000000090013177001     001446          10120122023000000000000241 00000000000000000000000000190120241
3410001300140H 010000000000000000                                         00000000000000000000000 00000000000000000000000 00000000000000000000000000000000000000                                                                                
3410001300141G 01481919601000010592000000000051503282656170142018191228000171PJBANK PAGAMENTOS S A         2001202400000000010592000000000000000009328265617      000000          19920122023000000000000070 00000000000000000000000000180320241
3410001300142H 012009593806000105IMOCAPITAL EMPREENDIMENTOS IMO           00000000000000000000000 00000000000000000000000221012024000000000001000000000000000000                                                                                
3410001300143G 01001989602000006600011687090750310600012125172015761802000191RECAPAGEM CANINDE LIMITADA    210120240000000000660000000000000000000920230525.0     000000          10220122023000000000000176 00000000000000000000000000200320241
3410001300144H 010000000000000000                                         00000000000000000000000 00000000000000000000000222012024000000000000200000000000000000                                                                                
3410001300145G 01341969603000001155010930055483773859887090002065069593000198FEDERAL INVEST                220120240000000000115500000000000000000934302501       073858          10120122023000000000000011 00000000000000000000000000220120241
3410001300146H 012065069593000198TANBY COMERCIO DE PAPEIS LTDA            00000000000000000000000 00000000000000000000000122012024000000000000231000000000000000                                                                                
3410001300147G 01237989603000043300033812600883006250000063302018236120000158NU PAGAMENTOS S.A.            2201202400000000043300000000000000000009883006250      000000          10120122023000000000000000 00000000000000000000000000160220245
3410001300148H 01204699017100010646.990.171 LEANDRO SILVA DE OL           00000000000000000000000 00000000000000000000000301010001000000000000000000000000000000                                                                                
3410001300149G 01001919609000005800000000025769050000161036172003635486000122RIMA COMERCIO DE PECAS LTDA   2801202400000000005800000000000000000009580586.1       000000          20220122023000000000000174 00000000000000000000000000270420241
3410001300150H 010000000000000000                                         00000000000000000000000 00000000000000000000000301010001000000000000000000000000000000                                                                                
3410001300151G 01748919612000010146811232015775071068625421012029268056000103D E BOMBASE LTDA              310120240000000001014680000000000000000900011517A2     000000          10320122023000000000000810 00000000000000000000000000280120343
3410001300152H 010000000000000000                                         00000000000000000000000 00000000000000000000000201022024000000000000500000000000000000                                                                                
3410001300153G 01001979618000002082600000030430449015484615172004892707000100DNIT.DEPARTAMENTO NACIONAL DE 0602202400000000002082600000000000000009               000000          10420122023000000000000000 00000000000000000000000000060220245
3410001300154H 010000000000000000                                         00000000000000000000000 00000000000000000000000301010001000000000000000000000000000000                                                                                
3410001300155G 01341999624000005534710946557680789070004110002012654090000113WILSON AUTOPECAS LTDA         1202202400000000005534700000000000000009NF-072900-     089078          10120122023000000000000111 00000000000000000000000000120220241
3410001300156H 010000000000000000                                         00000000000000000000000 00000000000000000000000113022024000000000001106000000000000000                                                                                
3410001300157G 01033969628000009240090416503000000000000901012050939817000106GOLD MOBILE LTDA              1602202400000000009240000000000000000009GRUPO CARG     000000          19920122023000000000001000 00000000000000000000000000160320243
3410001300158H 010000000000000000                                         00000000000000000000000 00000000000000000000000118022024000000000009240000000000000000                                                                                
3410001300159G 01033989628000009240090416503000000000000501012050939817000106GOLD MOBILE LTDA              1602202400000000009240000000000000000009GRUPO CARG     000000          19920122023000000000001000 00000000000000000000000000160320243
3410001300160H 010000000000000000                                         00000000000000000000000 00000000000000000000000118022024000000000002772000000000000000                                                                                
3410001300161G 01033929628000009240090416503000000000000601012050939817000106GOLD MOBILE LTDA              1602202400000000009240000000000000000009GRUPO CARG     000000          19920122023000000000001000 00000000000000000000000000160320243
3410001300162H 010000000000000000                                         00000000000000000000000 00000000000000000000000118022024000000000002772000000000000000                                                                                
3410001300163G 01033999628000009240090416503000000000001001012050939817000106GOLD MOBILE LTDA              1602202400000000009240000000000000000009GRUPO CARG     000000          19920122023000000000001000 00000000000000000000000000160320243
3410001300164H 010000000000000000                                         00000000000000000000000 00000000000000000000000118022024000000000009240000000000000000                                                                                
3410001300165G 01341999629000057000010904018390812480490560002001836398000163BANCO DAYCOVAL SA             1702202400000000057000000000000000000009043418/2       012484          10120122023000000000002280 00000000000000000000000000170220241
3410001300166H 012001836398000163GM IND PEC SERV E MANUTENCOES            00000000000000000000000 00000000000000000000000 00000000000000000000000000000000000000                                                                                
3410001300167G 01033919629000291666690160255000000002618201012041613515000144WEB CARRETAS MONTAGEM IND PECA1702202400000000291666600000000000000009001273/2       000000          10220122023000000000000300 00000000000000000000000000150820243
3410001300168H 010000000000000000                                         00000000000000000000000 00000000000000000000000118022024000000000058333000000000000000                                                                                
3410001300169G 01033919657000009240090416503000000000001101012050939817000106GOLD MOBILE LTDA              1603202400000000009240000000000000000009GRUPO CARG     000000          19920122023000000000001000 00000000000000000000000000140420243
3410001300170H 010000000000000000                                         00000000000000000000000 00000000000000000000000118032024000000000009240000000000000000                                                                                
3410001300171G 31033989659000052668990211171000000002622001012044915518000201GOMMA DISTRIBUIDORA DE PNEUS L1803202400000000052668900000000000000009752/6          000000          10222092023000000000000240 00000000000000000000000000140920243
3410001300172H 310000000000000000                                         00000000000000000000000 00000000000000000000000119032024000000000010534000000000000000                                                                                
3410001300173G 01033919659000291666690160255000000002619001012041613515000144WEB CARRETAS MONTAGEM IND PECA1803202400000000291666600000000000000009001273/3       000000          10220122023000000000000300 00000000000000000000000000140920243
3410001300174H 010000000000000000                                         00000000000000000000000 00000000000000000000000119032024000000000058333000000000000000                                                                                
3410001300175G 01033959688000009240090416503000000000001201012050939817000106GOLD MOBILE LTDA              1604202400000000009240000000000000000009GRUPO CARG     000000          19920122023000000000001000 00000000000000000000000000150520243
3410001300176H 010000000000000000                                         00000000000000000000000 00000000000000000000000118042024000000000009240000000000000000                                                                                
3410001300177G 01033949688000009240090416503000000000000701012050939817000106GOLD MOBILE LTDA              1604202400000000009240000000000000000009GRUPO CARG     000000          19920122023000000000001000 00000000000000000000000000150520243
3410001300178H 010000000000000000                                         00000000000000000000000 00000000000000000000000118042024000000000002772000000000000000                                                                                
34100015         000180000000000129086797000000000000000000                                                                                                                                                                                     
34100021I0300022 2015665528000238                    00000 000000000000  CARGO POLO C L T EIRELI                                                                                                                                                
3410002300001G 01341929599000001350010901217665905504517020002035512722000100REDIESEL RECIFE AUTOD LTDA    18012024000000000013500000000000000000091017855-A      005504          10120122023000000000000027 00000000000000000000000000180120241
3410002300002H 010000000000000000                                         00000000000000000000000 00000000000000000000000 00000000000000000000000000000000000000                                                                                
3410002300003G 01341949599000003150010901217807705504517020002035512722000100REDIESEL RECIFE AUTOD LTDA    18012024000000000031500000000000000000091017928-A      005504          10120122023000000000000063 00000000000000000000000000180120241
3410002300004H 010000000000000000                                         00000000000000000000000 00000000000000000000000 00000000000000000000000000000000000000                                                                                
3410002300005G 01341919599000004724010901218160005504517020002035512722000100REDIESEL RECIFE AUTOD LTDA    18012024000000000047240000000000000000091018106-A      005504          10120122023000000000000094 00000000000000000000000000180120241
3410002300006H 010000000000000000                                         00000000000000000000000 00000000000000000000000 00000000000000000000000000000000000000                                                                                
3410002300007G 01341959631000004724010901218161805504517020002035512722000100REDIESEL RECIFE AUTOD LTDA    19022024000000000047240000000000000000091018106-B      005504          10120122023000000000000094 00000000000000000000000000190220241
3410002300008H 010000000000000000                                         00000000000000000000000 00000000000000000000000 00000000000000000000000000000000000000                                                                                
3410002300009G 01341939659000004724010901218162605504517020002035512722000100REDIESEL RECIFE AUTOD LTDA    18032024000000000047240000000000000000091018106-C      005504          10120122023000000000000094 00000000000000000000000000180320241
3410002300010H 010000000000000000                                         00000000000000000000000 00000000000000000000000 00000000000000000000000000000000000000                                                                                
3410002300011G 01341929689000004724010901218163405504517020002035512722000100REDIESEL RECIFE AUTOD LTDA    17042024000000000047240000000000000000091018106-D      005504          10120122023000000000000094 00000000000000000000000000170420241
3410002300012H 010000000000000000                                         00000000000000000000000 00000000000000000000000 00000000000000000000000000000000000000                                                                                
34100025         000014000000000000233960000000000000000000                                                                                                                                                                                     
34100031I0300022 2015665528000580                    00000 000000000000  CARGO POLO C L T EIRELI                                                                                                                                                
3410003300001G 01341979582000052376715700043058416474090590002023769576000113C L SANTOS AUTO PECAS -ME     01012024000000000523767000000000000000096448/1         016477          10120122023000000000000175 00000000000000000000000000010120241
3410003300002H 010000000000000000                                         00000000000000000000000 00000000000000000000000101012024000000000010475000000000000000                                                                                
3410003300003G 01341949600000023666715700043061816474090590002023769576000113C L SANTOS AUTO PECAS -ME     19012024000000000236667000000000000000096451/1         016477          10120122023000000000000079 00000000000000000000000000190120241
3410003300004H 010000000000000000                                         00000000000000000000000 00000000000000000000000119012024000000000004733000000000000000                                                                                
3410003300005G 01341949612000052376715700043059216474090590002023769576000113C L SANTOS AUTO PECAS -ME     31012024000000000523767000000000000000096448/2         016477          10120122023000000000000175 00000000000000000000000000310120241
3410003300006H 010000000000000000                                         00000000000000000000000 00000000000000000000000131012024000000000010475000000000000000                                                                                
3410003300007G 01341939626000052376615700043060016474090590002023769576000113C L SANTOS AUTO PECAS -ME     14022024000000000523766000000000000000096448/3         016477          10120122023000000000000175 00000000000000000000000000140220241
3410003300008H 010000000000000000                                         00000000000000000000000 00000000000000000000000114022024000000000010475000000000000000                                                                                
3410003300009G 01341999631000023666715700043062616474090590002023769576000113C L SANTOS AUTO PECAS -ME     19022024000000000236667000000000000000096451/2         016477          10120122023000000000000079 00000000000000000000000000190220241
3410003300010H 010000000000000000                                         00000000000000000000000 00000000000000000000000119022024000000000004733000000000000000                                                                                
3410003300011G 01341959660000023666615700043063416474090590002023769576000113C L SANTOS AUTO PECAS -ME     19032024000000000236666000000000000000096451/3         016477          10120122023000000000000079 00000000000000000000000000190320241
3410003300012H 010000000000000000                                         00000000000000000000000 00000000000000000000000119032024000000000004733000000000000000                                                                                
34100035         000014000000000002281300000000000000000000                                                                                                                                                                                     
34100041I0300022 2015665528000742                    00000 000000000000  CARGO POLO C L T EIRELI                                                                                                                                                
3410004300001G 01341929590000510460010905523767229380663270002033337122000127IPIRANGA PRODS DE PETROLEO    09012024000000005104600000000000000000090000293996     029389          10120122023000000000018717 00000000000000000000000000090120241
3410004300002H 010000000000000000                                         00000000000000000000000 00000000000000000000000 00000000000000000000000000000000000000                                                                                
34100045         000004000000000005104600000000000000000000                                                                                                                                                                                     
34100051I0300022 2015665528001048                    00000 000000000000  CARGO POLO C L T EIRELI                                                                                                                                                
3410005300001G 01341919227000001650015700041506502788929480002007222850000183POSTO MOLAS S C ITU LTDA ME   11012023000000000016500000000000000000092201           002782          10120122023000000000000032 00000000000000000000000000110120231
3410005300002H 010000000000000000                                         00000000000000000000000 00000000000000000000000111012023000000000000330000000000000000                                                                                
3410005300003G 01341919584000009223410994560346129380429060002061602199000112CIA ULTRAGAZ S A              03012024000000000092234000000000000000091381-1         029389          10120122023000000000000108 00000000000000000000000000030120241
3410005300004H 010000000000000000                                         00000000000000000000000 00000000000000000000000103012024000000000001845000000000000000                                                                                
3410005300005G 01341919606000025118015700003087501442906990002017775703000194CARDAN COSTA LTDA             2501202400000000025118000000000000000009NF-7173        001446          10120122023000000000000251 00000000000000000000000000250120241
3410005300006H 010000000000000000                                         00000000000000000000000 00000000000000000000000125012024000000000007535000000000000000                                                                                
3410005300007G 01341979608000046666715700003090901442906990002017775703000194CARDAN COSTA LTDA             2701202400000000046666700000000000000009NF-7174        001446          10120122023000000000000467 00000000000000000000000000270120241
3410005300008H 010000000000000000                                         00000000000000000000000 00000000000000000000000127012024000000000014000000000000000000                                                                                
3410005300009G 01341969637000025118015700003088301442906990002017775703000194CARDAN COSTA LTDA             2502202400000000025118000000000000000009NF-7173        001446          10120122023000000000000251 00000000000000000000000000250220241
3410005300010H 010000000000000000                                         00000000000000000000000 00000000000000000000000125022024000000000007535000000000000000                                                                                
3410005300011G 01341919639000046666715700003091701442906990002017775703000194CARDAN COSTA LTDA             2702202400000000046666700000000000000009NF-7174        001446          10120122023000000000000467 00000000000000000000000000270220241
3410005300012H 010000000000000000                                         00000000000000000000000 00000000000000000000000127022024000000000014000000000000000000                                                                                
3410005300013G 01341919666000025118015700003089101442906990002017775703000194CARDAN COSTA LTDA             2503202400000000025118000000000000000009NF-7173        001446          10120122023000000000000251 00000000000000000000000000250320241
3410005300014H 010000000000000000                                         00000000000000000000000 00000000000000000000000125032024000000000007535000000000000000                                                                                
3410005300015G 01341989668000046666615700003092501442906990002017775703000194CARDAN COSTA LTDA             2703202400000000046666600000000000000009NF-7174        001446          10120122023000000000000467 00000000000000000000000000270320241
3410005300016H 010000000000000000                                         00000000000000000000000 00000000000000000000000127032024000000000014000000000000000000                                                                                
34100055         000018000000000002262274000000000000000000                                                                                                                                                                                     
34100061I0300022 2015665528001200                    00000 000000000000  CARGO POLO C L T EIRELI                                                                                                                                                
3410006300001G 01341989593000005897810900002267033449904560002050545500000187NAPEL PTA PECAS               12012024000000000058978000000000000000091381/1         033449          10120122023000000000000018 00000000000000000000000000120120241
3410006300002H 010000000000000000                                         00000000000000000000000 00000000000000000000000 00000000000000000000000000000000000000                                                                                
3410006300003G 01341939593000003892910900002269633449904560002050545500000187NAPEL PTA PECAS               12012024000000000038929000000000000000091382/1         033449          10120122023000000000000012 00000000000000000000000000120120241
3410006300004H 010000000000000000                                         00000000000000000000000 00000000000000000000000 00000000000000000000000000000000000000                                                                                
3410006300005G 01341989593000005412410900002271233449904560002050545500000187NAPEL PTA PECAS               12012024000000000054124000000000000000091383/1         033449          10120122023000000000000016 00000000000000000000000000120120241
3410006300006H 010000000000000000                                         00000000000000000000000 00000000000000000000000 00000000000000000000000000000000000000                                                                                
3410006300007G 01341929593000004568310900002272033449904560002050545500000187NAPEL PTA PECAS               12012024000000000045683000000000000000091384/1         033449          10120122023000000000000014 00000000000000000000000000120120241
3410006300008H 010000000000000000                                         00000000000000000000000 00000000000000000000000 00000000000000000000000000000000000000                                                                                
3410006300009G 01341949593000025600015700045452037305857530002032720081000190PR TRUCKS S E E E LTDA        12012024000000000256000000000000000000095386/3505      037309          10820122023000000000000085 00000000000000000000000000120120241
3410006300010H 010000000000000000                                         00000000000000000000000 00000000000000000000000112012024000000000005120000000000000000                                                                                
3410006300011G 01341999596000003630010900002298533449904560002050545500000187NAPEL PTA PECAS               15012024000000000036300000000000000000091404/1         033449          10120122023000000000000011 00000000000000000000000000150120241
3410006300012H 010000000000000000                                         00000000000000000000000 00000000000000000000000 00000000000000000000000000000000000000                                                                                
3410006300013G 01341929596000003057010900002299333449904560002050545500000187NAPEL PTA PECAS               15012024000000000030570000000000000000091405/1         033449          10120122023000000000000009 00000000000000000000000000150120241
3410006300014H 010000000000000000                                         00000000000000000000000 00000000000000000000000 00000000000000000000000000000000000000                                                                                
3410006300015G 01341919600000006500010900029859938110267840002085496941000110LUIZ COLOMBO JUNIOR E CIA LTDA19012024000000000065000000000000000000090016964/1      038117          10120122023000000000000130 00000000000000000000000000190120241
3410006300016H 010000000000000000                                         00000000000000000000000 00000000000000000000000 00000000000000000000000000000000000000                                                                                
3410006300017G 31341969600000035920015700041317188923499970002003078911000120VOLSUL COMERCIO DE PECAS LTDA 19012024000000000359200000000000000000098304           088922          10119122023000000000001197 00000000000000000000000000190120241
3410006300018H 310000000000000000                                         00000000000000000000000 00000000000000000000000119012024000000000007184000000000000000                                                                                
34100065         000020000000000000944784000000000000000000                                                                                                                                                                                     
34199999         000006000252                                                                                                                                                                                                                   
