34100000         228537185000197                    00000 000000000000  BS LOGISTICA SA               BANCO ITAU S.A.                         221122023051731000013084                                                                          
34100011I0300022 2028537185000197                    00000 000000000000  BS LOGISTICA SA                                                                                                                                                        
3410001300001G 01341969577000020240010905011787003680165980002051195790000149PERIM COM DE AUTO PECAS LTDA  2712202300000000020240000000000000000009180348-1       003681          10120122023000000000000540 00000000000000000000000000271220231
3410001300002H 010000000000000000                                         00000000000000000000000 00000000000000000000000127122023000000000004048000000000000000                                                                                
3410001300003G 01341959577000033808110905011788803680165980002051195790000149PERIM COM DE AUTO PECAS LTDA  2712202300000000033808100000000000000009180350-1       003681          10120122023000000000000902 00000000000000000000000000271220231
3410001300004H 010000000000000000                                         00000000000000000000000 00000000000000000000000127122023000000000006761000000000000000                                                                                
3410001300005G 01341929598000008300010912417907600450705050002067041111000117ESCANDINAVIA VEICULOS LTDA    1701202400000000008300000000000000000009000317833      000455          10120122023000000000000249 00000000000000000000000000170120241
3410001300006H 010000000000000000                                         00000000000000000000000 00000000000000000000000 00000000000000000000000000000000000000                                                                                
3410001300007G 01341959599000011226210900773401593173001360002009405797000343MOVESA MOTORES E VEICULOS LTDA180120240000000001122620000000000000000928200301       093179          10120122023000000000000187 00000000000000000000000000180120241
3410001300008H 010000000000000000                                         00000000000000000000000 00000000000000000000000 00000000000000000000000000000000000000                                                                                
3410001300009G 01341929629000011226210900773402393173001360002009405797000343MOVESA MOTORES E VEICULOS LTDA170220240000000001122620000000000000000928200302       093179          10120122023000000000000187 00000000000000000000000000170220241
3410001300010H 010000000000000000                                         00000000000000000000000 00000000000000000000000 00000000000000000000000000000000000000                                                                                
3410001300011G 01341919659000011226210900773403193173001360002009405797000343MOVESA MOTORES E VEICULOS LTDA180320240000000001122620000000000000000928200303       093179          10120122023000000000000187 00000000000000000000000000180320241
3410001300012H 010000000000000000                                         00000000000000000000000 00000000000000000000000 00000000000000000000000000000000000000                                                                                
34100015         000014000000000000960267000000000000000000                                                                                                                                                                                     
34199999         000001000016                                                                                                                                                                                                                   
