34100000         228537185000197                    00000 000000000000  BS LOGISTICA SA               BANCO ITAU S.A.                         222122023050750000014084                                                                          
34100011I0300022 2028537185000197                    00000 000000000000  BS LOGISTICA SA                                                                                                                                                        
3410001300001G 01341929578000057991510905009850003680165980002051195790000149PERIM COM DE AUTO PECAS LTDA  2812202300000000057991500000000000000009178223-3       003681          10121122023000000000001546 00000000000000000000000000281220231
3410001300002H 010000000000000000                                         00000000000000000000000 00000000000000000000000128122023000000000011598000000000000000                                                                                
3410001300003G 01341999578000009139510905011809203680165980002051195790000149PERIM COM DE AUTO PECAS LTDA  2812202300000000009139500000000000000009180376-1       003681          10121122023000000000000244 00000000000000000000000000281220231
3410001300004H 010000000000000000                                         00000000000000000000000 00000000000000000000000128122023000000000001827000000000000000                                                                                
3410001300005G 01341939578000013938810905011811803680165980002051195790000149PERIM COM DE AUTO PECAS LTDA  2812202300000000013938800000000000000009180377-1       003681          10121122023000000000000372 00000000000000000000000000281220231
3410001300006H 010000000000000000                                         00000000000000000000000 00000000000000000000000128122023000000000002787000000000000000                                                                                
3410001300007G 01341919578000002257210905011812603680165980002051195790000149PERIM COM DE AUTO PECAS LTDA  2812202300000000002257200000000000000009180378-1       003681          10121122023000000000000060 00000000000000000000000000281220231
3410001300008H 010000000000000000                                         00000000000000000000000 00000000000000000000000128122023000000000000451000000000000000                                                                                
3410001300009G 01341919578000003596310905011829003680165980002051195790000149PERIM COM DE AUTO PECAS LTDA  2812202300000000003596300000000000000009180400-1       003681          10121122023000000000000096 00000000000000000000000000281220231
3410001300010H 010000000000000000                                         00000000000000000000000 00000000000000000000000128122023000000000000719000000000000000                                                                                
3410001300011G 01341919601000008540710900774627493173001360002009405797000343MOVESA MOTORES E VEICULOS LTDA200120240000000000854070000000000000000928275101       093179          10121122023000000000000142 00000000000000000000000000200120241
3410001300012H 010000000000000000                                         00000000000000000000000 00000000000000000000000 00000000000000000000000000000000000000                                                                                
34100015         000014000000000000954640000000000000000000                                                                                                                                                                                     
34199999         000001000016                                                                                                                                                                                                                   
