34100000         215665528000157                    00000 000000000000  CARGO POLO C L T EIRELI       BANCO ITAU S.A.                         222122023041747000015084                                                                          
34100011I0300022 2015665528000157                    00000 000000000000  CARGO POLO C L T EIRELI                                                                                                                                                
3410001300001G 02237969509000016086320280904790377221004654602091108027000158RANDON CONSORCIOS             201020230000000001608630000000000000000990377221-1     000000          11729092023000000000000000 00000000000000000000000000191220235
3410001300002H 020000000000000000                                         00000000000000000000000 00000000000000000000000301010001000000000000000000000000000000                                                                                
3410001300003G 02237949560000144429033810900000478954000166902012815827000132ROADCARD                      10122023000000001444290000000000000000092R17366801     000000          10204122023000000000000481 00000000000000000000000000180220241
3410001300004H 020000000000000000                                         00000000000000000000000 00000000000000000000000211122023000000000000200000000000000000                                                                                
3410001300005G 02033959569000007500090448353000000000000101012013321134000156JOSE MARQUES PEREIRA 11815020819122023000000000075000000000000000000090001           000000          10215122023000000000000000 00000000000000000000000000170120245
3410001300006H 022013321134000156JOSE MARQUES PEREIRA                     00000000000000000000000 00000000000000000000000125122023000000000001500000000000000000                                                                                
3410001300007G 02001979570000008400000000016150420000021137172009203706000125BR CARRETAS COMERCIO DE PECAS 2012202300000000008400000000000000000009149441.03      000000          10228092023000000000000028 00000000000000000000000000190120241
3410001300008H 020000000000000000                                         00000000000000000000000 00000000000000000000000222122023000000000000100000000000000000                                                                                
3410001300009G 02001989570000006510000000016150420000020901172009203706000125BR CARRETAS COMERCIO DE PECAS 2012202300000000006510000000000000000009149427.03      000000          10228092023000000000000021 00000000000000000000000000190120241
3410001300010H 020000000000000000                                         00000000000000000000000 00000000000000000000000222122023000000000000100000000000000000                                                                                
3410001300011G 02001989570000006217100000023777150001279439172074607839000129DIPECARR DISTR DE PECAS E ACES20122023000000000062171000000000000000090003256584     000000          10225102023000000000000211 00000000000000000000000000170620241
3410001300012H 020000000000000000                                         00000000000000000000000 00000000000000000000000301010001000000000000000000000000000000                                                                                
3410001300013G 02001919570000006262000000030300390000000873172027909384000116J E SERVICOS DE MANUTENCAO LTD2012202300000000006262000000000000000009222198.02      000000          10210112023000000000000200 00000000000000000000000000190120243
3410001300014H 020000000000000000                                         00000000000000000000000 00000000000000000000000222122023000000000000350000000000000000                                                                                
3410001300015G 02001919570000004500000000030300390000000887172027909384000116J E SERVICOS DE MANUTENCAO LTD201220230000000000450000000000000000000922225600       000000          10204122023000000000000200 00000000000000000000000000190120243
3410001300016H 020000000000000000                                         00000000000000000000000 00000000000000000000000222122023000000000000350000000000000000                                                                                
3410001300017G 02237969570000002170837080400080075951000170802015697602000117MULTISAT GERENCIAMENTO DE RISC20122023000000000021708000000000000000090101964 01     000000          10204122023000000000000007 00000000000000000000000000180220241
3410001300018H 020000000000000000                                         00000000000000000000000 00000000000000000000000121122023000000000000434000000000000000                                                                                
3410001300019G 02001919571000006675000000016150420000020496172009203706000125BR CARRETAS COMERCIO DE PECAS 2112202300000000006675000000000000000009149084.04      000000          10230082023000000000000022 00000000000000000000000000200120241
3410001300020H 020000000000000000                                         00000000000000000000000 00000000000000000000000223122023000000000000100000000000000000                                                                                
3410001300021G 02403969571000018000000000430596560065221260012037880206000163CORA SCD SA                   2112202300000000018000000000000000000009               000000          10423112023000000000000500 00000000000000000000000000200320243
3410001300022H 022043059656000192AUTO ELETRICA 7 ESTRADAS                 00000000000000000000000 00000000000000000000000122122023000000000002000000000000000000                                                                                
3410001300023G 02403959571000008019500000153730310066835871012037880206000163CORA SCD SA                   2112202300000000008019500000000000000009               000000          10406122023000000000000100 00000000000000000000000000200320243
3410001300024H 022015373031000165NETOCAR AUTO ELETRICA                    00000000000000000000000 00000000000000000000000222122023000000000000200000000000000000                                                                                
3410001300025G 02237979571000010561904900904900012447002217702066944158000128CASA DO OLEO RIBEIRAO PRETO LT211220230000000001056190000000000000000915090-3        000000          10227102023000000000000285 00000000000000000000000000190220241
3410001300026H 020000000000000000                                         00000000000000000000000 00000000000000000000000222122023000000000000200000000000000000                                                                                
3410001300027G 02033929571000024350092438399000000000006601012004868558000144CRBN LAVA RAPIDO E LUBRIFICACA211220230000000002435000000000000000000900533          000000          10407122023000000000000010 00000000000000000000000000180620243
3410001300028H 020000000000000000                                         00000000000000000000000 00000000000000000000000127122023000000000000244000000000000000                                                                                
3410001300029G 02748979571000003300011192285066091419420521052005448784000139FUTURA CAMINHOES E MAQUINAS LT21122023000000000033000000000000000000090033325901     000000          10329112023000000000000600 00000000000000000000000000181220333
3410001300030H 020000000000000000                                         00000000000000000000000 00000000000000000000000222122023000000000000200000000000000000                                                                                
3410001300031G 02033949571000008925190101549000000002296901012044915518000120GOMMA DISTRIBUIDORA DE PNEUS L2112202300000000008925100000000000000009696/3          000000          10222092023000000000000239 00000000000000000000000000180620243
3410001300032H 020000000000000000                                         00000000000000000000000 00000000000000000000000122122023000000000001785000000000000000                                                                                
3410001300033G 02237919571000030631526560926560398257001959502002233622000195GOTEMBURGO VEICULOS LTDA      21122023000000000306315000000000000000090167787 1      000000          10227112023000000000000613 00000000000000000000000000190220241
3410001300034H 020000000000000000                                         00000000000000000000000 00000000000000000000000301010001000000000000000000000000000000                                                                                
3410001300035G 02756919571000009390013154010570508000214320012032607676000134MECAMPATOS PECAS E SERVICOS ME2112202300000000009390000000000000000009OS2213         000000          10221112023000000000000200 00000000000000000000000000170620243
3410001300036H 020000000000000000                                         00000000000000000000000 00000000000000000000000222122023000000000000200000000000000000                                                                                
3410001300037G 02001939571000000600000000034910720000000886172045515844000103MECANSERVICE SERVICOS MECANICO2112202300000000000600000000000000000009OS2213         000000          10221112023000000000000200 00000000000000000000000000190420243
3410001300038H 020000000000000000                                         00000000000000000000000 00000000000000000000000222122023000000000000200000000000000000                                                                                
3410001300039G 02001919571000025000000000015113450000461199172067380170000110MMARRA DISTRIBUIDORA AUTOMOTIV2112202300000000025000000000000000000009900104.1       000000          20223112023000000000000833 00000000000000000000000000200320241
3410001300040H 020000000000000000                                         00000000000000000000000 00000000000000000000000301010001000000000000000000000000000000                                                                                
3410001300041G 02237959571000083443811000900000089028001938002030342266000183ONF CONSULTORIA E GESTAO LTDA 211220230000000008344380000000000000000938955 1        000000          10211122023000000000000278 00000000000000000000000000190220241
3410001300042H 020000000000000000                                         00000000000000000000000 00000000000000000000000222122023000000000000200000000000000000                                                                                
3410001300043G 02237989571000016086320280904790555366004654602091108027000158RANDON CONSORCIOS             211220230000000001608630000000000000000990555366-5     000000          11730112023000000000000000 00000000000000000000000000190220245
3410001300044H 020000000000000000                                         00000000000000000000000 00000000000000000000000301010001000000000000000000000000000000                                                                                
3410001300045G 02237969571000016086320280904790555644004654602091108027000158RANDON CONSORCIOS             211220230000000001608630000000000000000990555644-3     000000          11730112023000000000000000 00000000000000000000000000190220245
3410001300046H 020000000000000000                                         00000000000000000000000 00000000000000000000000301010001000000000000000000000000000000                                                                                
3410001300047G 02237929571000016086320280904790555307004654602091108027000158RANDON CONSORCIOS             211220230000000001608630000000000000000990555307-P     000000          11730112023000000000000000 00000000000000000000000000190220245
3410001300048H 020000000000000000                                         00000000000000000000000 00000000000000000000000301010001000000000000000000000000000000                                                                                
3410001300049G 02237929571000022960920280904790555472004654602091108027000158RANDON CONSORCIOS             211220230000000002296090000000000000000990555472-6     000000          11730112023000000000000077 00000000000000000000000000190220241
3410001300050H 020000000000000000                                         00000000000000000000000 00000000000000000000000222122023000000000000200000000000000000                                                                                
3410001300051G 02237919571000014903033760920000218065000130002054921580000189SANTA EMILIA CAMIN            2112202300000000014903000000000000000009247133-1       000000          10224112023000000000000298 00000000000000000000000000190220241
3410001300052H 020000000000000000                                         00000000000000000000000 00000000000000000000000222122023000000000000200000000000000000                                                                                
3410001300053G 02001919571000006600000000029821950000084208172026576031000189SHOW DISTRIBUIDORA AUTOMOTIVA 211220230000000000660000000000000000000993213.2        000000          20227102023000000000000132 00000000000000000000000000200320241
3410001300054H 020000000000000000                                         00000000000000000000000 00000000000000000000000222122023000000000000200000000000000000                                                                                
3410001300055G 02422989571000010625071450000585124500002747522002803735000260VISARI AUTO PECAS LTDA        21122023000000000106250000000000000000090034765/02     000000          10203122023000000000000211 00000000000000000000000000200320241
3410001300056H 020000000000000000                                         00000000000000000000000 00000000000000000000000301010001000000000000000000000000000000                                                                                
3410001300057G 02422959571000014820071450000585124500002938322002803735000260VISARI AUTO PECAS LTDA        21122023000000000148200000000000000000090037068/01     000000          10203122023000000000000295 00000000000000000000000000200320241
3410001300058H 020000000000000000                                         00000000000000000000000 00000000000000000000000301010001000000000000000000000000000000                                                                                
3410001300059G 31341979576000116900010900015354221299987590002021295582000150LUCAS DE FALCO AUGUSTO        26122023000000001169000000000000000000092304           021295          10801122023000000000000779 00000000000000000000000000261220231
3410001300060H 310000000000000000                                         00000000000000000000000 00000000000000000000000126122023000000000058450000000000000000                                                                                
3410001300061G 01341989578000007779110960028248702041818120002014525684000150ESSOR SEGUROS                 28122023000000000077791000000000000000093105005566     002048          11721122023000000000000026 00000000000000000000000000281220231
3410001300062H 010000000000000000                                         00000000000000000000000 00000000000000000000000128122023000000000001556000000000000000                                                                                
3410001300063G 01341939578000006619210900002201801452364440002024636978000102LOGIN SERV TERCEIRIZACAO ESPEC28122023000000000066192000000000000000093533P01        001453          10821122023000000000000218 00000000000000000000000000281220231
3410001300064H 010000000000000000                                         00000000000000000000000 00000000000000000000000128122023000000000001323000000000000000                                                                                
3410001300065G 01001969578000032334000000033837400000000283172041675285000148RESTAURANTE FAMILIA SILVA DE C2812202300000000032334000000000000000009274            000000          10221122023000000000000352 00000000000000000000000000270120241
3410001300066H 010000000000000000                                         00000000000000000000000 00000000000000000000000227012024000000000000200000000000000000                                                                                
3410001300067G 01033929580000006049998158096000000000602101012004485347000122PLAZA DUTRA CACAPAVA LTDA ME  301220230000000000604990000000000000000925023 8826     000000          10221122023000000000000300 00000000000000000000000000270620243
3410001300068H 010000000000000000                                         00000000000000000000000 00000000000000000000000101012024000000000001815000000000000000                                                                                
3410001300069G 01237919585000004057419600900000007621009663002047892320000167C   C COMERCIO DE PNEUS LTDA  0401202400000000004057400000000000000009NP0012541      000000          10221122023000000000000162 00000000000000000000000000040320241
3410001300070H 010000000000000000                                         00000000000000000000000 00000000000000000000000205012024000000000000100000000000000000                                                                                
3410001300071G 01033959586000026985090208419000000000041401012022280923000187GOBRAX OMNI BRASIL X LTDA     050120240000000002698500000000000000000901246226       000000          10421122023000000000000100105012024000000000045000000030720243
3410001300072H 012022280923000187GOBRAX OMNI BRASIL X LTDA                00000000000000000000000 00000000000000000000000107012024000000000005397000000000000000                                                                                
3410001300073G 01450939586000008500000100000062095102803075902038411513000168LOCUS BUSINESS CENTER CWK LTDA05012024000000000085000000000000000000090951028        000000          19921122023000000000000100 00000000000000000000000000040320243
3410001300074H 012038411513000168LOCUS BUSINESS CENTER CWK LTDA           00000000000000000000000 00000000000000000000000206012024000000000000200000000000000000                                                                                
3410001300075G 01341999586000006510015700000668807079944480002038007568000107MINEIRO TRUCK CENTER          05012024000000000065100000000000000000094942           007070          10121122023000000000000043 00000000000000000000000000050120241
3410001300076H 010000000000000000                                         00000000000000000000000 00000000000000000000000105012024000000000003255000000000000000                                                                                
3410001300077G 01756999589000004000013191010241555000350710012020465798000154SYG LOG SERVICOS EMPRESARIAIS 0801202400000000004000000000000000000009CTE 13897      000000          10321122023000000000000000 00000000000000000000000000050720245
3410001300078H 010000000000000000                                         00000000000000000000000 00000000000000000000000301010001000000000000000000000000000000                                                                                
3410001300079G 01756929590000004000013191010241555000350890012020465798000154SYG LOG SERVICOS EMPRESARIAIS 0901202400000000004000000000000000000009CTE 13898      000000          10321122023000000000000000 00000000000000000000000000060720245
3410001300080H 010000000000000000                                         00000000000000000000000 00000000000000000000000301010001000000000000000000000000000000                                                                                
3410001300081G 01341969591000251250010905530055329380663270002033337122000127IPIRANGA PRODS DE PETROLEO    10012024000000002512500000000000000000090000294399     029389          10121122023000000000009213 00000000000000000000000000100120241
3410001300082H 010000000000000000                                         00000000000000000000000 00000000000000000000000 00000000000000000000000000000000000000                                                                                
3410001300083G 01748999591000037297011231004816071070420531072020752751000171R I COMERCIO E SERVICOS DE LUB100120240000000003729700000000000000000912289          000000          10321122023000000000003000 00000000000000000000000000070120343
3410001300084H 010000000000000000                                         00000000000000000000000 00000000000000000000000211012024000000000000200000000000000000                                                                                
3410001300085G 01756969591000004000013191010241555000350960012020465798000154SYG LOG SERVICOS EMPRESARIAIS 1001202400000000004000000000000000000009CTE 13908      000000          10321122023000000000000000 00000000000000000000000000070720245
3410001300086H 010000000000000000                                         00000000000000000000000 00000000000000000000000301010001000000000000000000000000000000                                                                                
3410001300087G 01237939593000022310763490900004348265000277302084911098000129ADEMICON ADM DE CONSORCIO S A 12012024000000000223107000000000000000090411105730     000000          19921122023000000000000000 00000000000000000000000000220120245
3410001300088H 010000000000000000                                         00000000000000000000000 00000000000000000000000301010001000000000000000000000000000000                                                                                
3410001300089G 01237959593000022310763490900004348264000277302084911098000129ADEMICON ADM DE CONSORCIO S A 12012024000000000223107000000000000000090411104320     000000          19921122023000000000000000 00000000000000000000000000220120245
3410001300090H 010000000000000000                                         00000000000000000000000 00000000000000000000000301010001000000000000000000000000000000                                                                                
3410001300091G 01237989593000050533763490900004348268000277302084911098000129ADEMICON ADM DE CONSORCIO S A 12012024000000000505337000000000000000090411207750     000000          19921122023000000000000000 00000000000000000000000000220120245
3410001300092H 010000000000000000                                         00000000000000000000000 00000000000000000000000301010001000000000000000000000000000000                                                                                
3410001300093G 01237919593000050533763490900004348267000277302084911098000129ADEMICON ADM DE CONSORCIO S A 12012024000000000505337000000000000000090411205730     000000          19921122023000000000000000 00000000000000000000000000220120245
3410001300094H 010000000000000000                                         00000000000000000000000 00000000000000000000000301010001000000000000000000000000000000                                                                                
3410001300095G 01237919593000022310763490900004348266000277302084911098000129ADEMICON ADM DE CONSORCIO S A 12012024000000000223107000000000000000090411107750     000000          19921122023000000000000000 00000000000000000000000000220120245
3410001300096H 010000000000000000                                         00000000000000000000000 00000000000000000000000301010001000000000000000000000000000000                                                                                
3410001300097G 01001989595000005000000000022349790000030419172010849904000140PC SILVA MUNDIAL FERRAMENTAS L140120240000000000500000000000000000000929820.01       000000          10221122023000000000000016 00000000000000000000000000080120251
3410001300098H 010000000000000000                                         00000000000000000000000 00000000000000000000000216012024000000000000200000000000000000                                                                                
3410001300099G 01341919597000048500015700000139702782531170002065939936000128ACOS ITU COM PROD SID LTDA ME 16012024000000000485000000000000000000098639/01        002782          10121122023000000000000485 00000000000000000000000000160120241
3410001300100H 010000000000000000                                         00000000000000000000000 00000000000000000000000116012024000000000014550000000000000000                                                                                
3410001300101G 01341959598000011300010900063075306231965400002067725028000167RIBEIRAO DISTRIBUIDORA MOLAS  170120240000000001130000000000000000000953597          006239          10121122023000000000000222 00000000000000000000000000170120241
3410001300102H 010000000000000000                                         00000000000000000000000 00000000000000000000000117012024000000000002260000000000000000                                                                                
3410001300103G 01756989598000001530013188011683632001003000012001455453000175SARTORI COMERCIO DE PISCINAS L170120240000000000153000000000000000000911516          000000          10221122023000000000000600 00000000000000000000000000150420243
3410001300104H 010000000000000000                                         00000000000000000000000 00000000000000000000000218012024000000000000200000000000000000                                                                                
3410001300105G 01237979600000007086619600900000007618009663002047892320000167C   C COMERCIO DE PNEUS LTDA  1901202400000000007086600000000000000009NP0012531      000000          10221122023000000000000283 00000000000000000000000000190320241
3410001300106H 010000000000000000                                         00000000000000000000000 00000000000000000000000220012024000000000000100000000000000000                                                                                
3410001300107G 01237979600000011364910820900000062287029008502032982651000110HIPER TRUCK PARTS COMERCIO AUT1901202400000000011364900000000000000009111301 01      000000          10221122023000000000000375 00000000000000000000000000190320241
3410001300108H 010000000000000000                                         00000000000000000000000 00000000000000000000000220012024000000000000200000000000000000                                                                                
3410001300109G 01237969600000014365610820900000062285029008502032982651000110HIPER TRUCK PARTS COMERCIO AUT1901202400000000014365600000000000000009111300 01      000000          10221122023000000000000474 00000000000000000000000000190320241
3410001300110H 010000000000000000                                         00000000000000000000000 00000000000000000000000220012024000000000000200000000000000000                                                                                
3410001300111G 01756999600000003100013010011005553007688790012023668907000129VITORIA CAMINHOES LTDA        19012024000000000031000000000000000000090001005553     000000          10221122023000000000000010 00000000000000000000000000181220333
3410001300112H 010000000000000000                                         00000000000000000000000 00000000000000000000000220012024000000000000200000000000000000                                                                                
3410001300113G 01341939601000011950015700055642662233134190002018498792000131MAGUILLA MECANICA DE AUTOMOTOR200120240000000001195000000000000000000912405          062232          10121122023000000000000120 00000000000000000000000000200120241
3410001300114H 010000000000000000                                         00000000000000000000000 00000000000000000000000120012024000000000003585000000000000000                                                                                
3410001300115G 01001919601000013333400000030739260000193313172029050866000199PETROL DIESEL COMERCIO DE PECA20012024000000000133334000000000000000095654.01        000000          10221122023000000000000500 00000000000000000000000000190520243
3410001300116H 010000000000000000                                         00000000000000000000000 00000000000000000000000221012024000000000000200000000000000000                                                                                
3410001300117G 01341919601000012000010900077609003669860810002007143431000741RESIBRAS IND DE CASTANHA LTDA 20012024000000000120000000000000000000090000067727     003665          10121122023000000000000120 00000000000000000000000000200120241
3410001300118H 010000000000000000                                         00000000000000000000000 00000000000000000000000 00000000000000000000000000000000000000                                                                                
3410001300119G 01237919601000011000001950933550000011001687202029236389000150TREVYS FUNDO DE INVESTIMENTO E2001202400000000011000000000000000000009800            000000          10221122023000000000000367 00000000000000000000000000200320241
3410001300120H 012011652780000170ALEXANDRE LUIS VIDAL ME                  00000000000000000000000 00000000000000000000000221012024000000000000200000000000000000                                                                                
3410001300121G 01756939609000005630013261010067903001951290012004856229000183CEBOLAO EQUIPAMENTOS RODOVIARI2801202400000000005630000000000000000009196931/01E     000000          10221122023000000000000017 00000000000000000000000000181220333
3410001300122H 010000000000000000                                         00000000000000000000000 00000000000000000000000301010001000000000000000000000000000000                                                                                
3410001300123G 01001969610000005000000000022349790000030420172010849904000140PC SILVA MUNDIAL FERRAMENTAS L290120240000000000500000000000000000000929820.02       000000          10221122023000000000000016 00000000000000000000000000230120251
3410001300124H 010000000000000000                                         00000000000000000000000 00000000000000000000000231012024000000000000200000000000000000                                                                                
3410001300125G 01748969611000037297211231004824071070420531022020752751000171R I COMERCIO E SERVICOS DE LUB300120240000000003729720000000000000000912289          000000          10321122023000000000003000 00000000000000000000000000270120343
3410001300126H 010000000000000000                                         00000000000000000000000 00000000000000000000000231012024000000000000200000000000000000                                                                                
3410001300127G 01001949625000005000000000022349790000030421172010849904000140PC SILVA MUNDIAL FERRAMENTAS L130220240000000000500000000000000000000929820.03       000000          10221122023000000000000016 00000000000000000000000000070220251
3410001300128H 010000000000000000                                         00000000000000000000000 00000000000000000000000215022024000000000000200000000000000000                                                                                
3410001300129G 01341919626000011300010900063076106231965400002067725028000167RIBEIRAO DISTRIBUIDORA MOLAS  140220240000000001130000000000000000000953597          006239          10121122023000000000000222 00000000000000000000000000140220241
3410001300130H 010000000000000000                                         00000000000000000000000 00000000000000000000000114022024000000000002260000000000000000                                                                                
3410001300131G 01341999628000048500015700000140502782531170002065939936000128ACOS ITU COM PROD SID LTDA ME 16022024000000000485000000000000000000098639/02        002782          10121122023000000000000485 00000000000000000000000000160220241
3410001300132H 010000000000000000                                         00000000000000000000000 00000000000000000000000116022024000000000014550000000000000000                                                                                
3410001300133G 01237969630000007086719600900000007619009663002047892320000167C   C COMERCIO DE PNEUS LTDA  1802202400000000007086700000000000000009NP0012532      000000          10221122023000000000000283 00000000000000000000000000180420241
3410001300134H 010000000000000000                                         00000000000000000000000 00000000000000000000000219022024000000000000100000000000000000                                                                                
3410001300135G 01237949630000011970010820900000062286029008502032982651000110HIPER TRUCK PARTS COMERCIO AUT1802202400000000011970000000000000000009111300 02      000000          10221122023000000000000395 00000000000000000000000000180420241
3410001300136H 010000000000000000                                         00000000000000000000000 00000000000000000000000219022024000000000000200000000000000000                                                                                
3410001300137G 01001929631000013333300000030739260000193314172029050866000199PETROL DIESEL COMERCIO DE PECA19022024000000000133333000000000000000095654.02        000000          10221122023000000000000500 00000000000000000000000000180620243
3410001300138H 010000000000000000                                         00000000000000000000000 00000000000000000000000220022024000000000000200000000000000000                                                                                
3410001300139G 01748919631000037297211231004832071070420531082020752751000171R I COMERCIO E SERVICOS DE LUB190220240000000003729720000000000000000912289          000000          10321122023000000000003000 00000000000000000000000000160220343
3410001300140H 010000000000000000                                         00000000000000000000000 00000000000000000000000220022024000000000000200000000000000000                                                                                
3410001300141G 01237919631000013900001950933550000012001687202029236389000150TREVYS FUNDO DE INVESTIMENTO E1902202400000000013900000000000000000009801            000000          10221122023000000000000463 00000000000000000000000000190420241
3410001300142H 012011652780000170ALEXANDRE LUIS VIDAL ME                  00000000000000000000000 00000000000000000000000220022024000000000000200000000000000000                                                                                
3410001300143G 01001929640000005000000000022349790000030422172010849904000140PC SILVA MUNDIAL FERRAMENTAS L280220240000000000500000000000000000000929820.04       000000          10221122023000000000000016 00000000000000000000000000220220251
3410001300144H 010000000000000000                                         00000000000000000000000 00000000000000000000000201032024000000000000200000000000000000                                                                                
3410001300145G 01748959651000037297211231004840071070420531032020752751000171R I COMERCIO E SERVICOS DE LUB100320240000000003729720000000000000000912289          000000          10321122023000000000003000 00000000000000000000000000080320343
3410001300146H 010000000000000000                                         00000000000000000000000 00000000000000000000000212032024000000000000200000000000000000                                                                                
3410001300147G 01237939660000007086719600900000007620009663002047892320000167C   C COMERCIO DE PNEUS LTDA  1903202400000000007086700000000000000009NP0012533      000000          10221122023000000000000283 00000000000000000000000000180520241
3410001300148H 010000000000000000                                         00000000000000000000000 00000000000000000000000220032024000000000000100000000000000000                                                                                
3410001300149G 31033989660000029609490211171000000003100301012044915518000201GOMMA DISTRIBUIDORA DE PNEUS L1903202400000000029609400000000000000009876/5          000000          10227102023000000000000240 00000000000000000000000000150920243
3410001300150H 310000000000000000                                         00000000000000000000000 00000000000000000000000120032024000000000005922000000000000000                                                                                
3410001300151G 31033929660000079470390211171000000003094501012044915518000201GOMMA DISTRIBUIDORA DE PNEUS L1903202400000000079470300000000000000009875/5          000000          10227102023000000000000240 00000000000000000000000000150920243
3410001300152H 310000000000000000                                         00000000000000000000000 00000000000000000000000120032024000000000015894000000000000000                                                                                
3410001300153G 01001929661000013333300000030739260000193315172029050866000199PETROL DIESEL COMERCIO DE PECA20032024000000000133333000000000000000095654.03        000000          10221122023000000000000500 00000000000000000000000000180720243
3410001300154H 010000000000000000                                         00000000000000000000000 00000000000000000000000221032024000000000000200000000000000000                                                                                
34100015         000156000000000017520627000000000000000000                                                                                                                                                                                     
34100021I0300022 2015665528000238                    00000 000000000000  CARGO POLO C L T EIRELI                                                                                                                                                
3410002300001G 31341969583000015000010932837946129383540530002005524572000193ICONIC LUBRIFICANTES S/A      02012024000000000150000000000000000000090000037854     029389          10130102023000000000000550 00000000000000000000000000020120241
3410002300002H 310000000000000000                                         00000000000000000000000 00000000000000000000000 00000000000000000000000000000000000000                                                                                
3410002300003G 31341969583000025650010932837949529383540530002005524572000193ICONIC LUBRIFICANTES S/A      02012024000000000256500000000000000000090000037855     029389          10130102023000000000000941 00000000000000000000000000020120241
3410002300004H 310000000000000000                                         00000000000000000000000 00000000000000000000000 00000000000000000000000000000000000000                                                                                
3410002300005G 01341929593000499000010905534538429380663270002033337122000127IPIRANGA PRODS DE PETROLEO    12012024000000004990000000000000000000090000768418     029389          10121122023000000000018297 00000000000000000000000000120120241
3410002300006H 010000000000000000                                         00000000000000000000000 00000000000000000000000 00000000000000000000000000000000000000                                                                                
3410002300007G 01341999600000005766710901221782605504517020002035512722000100REDIESEL RECIFE AUTOD LTDA    19012024000000000057667000000000000000091018634-A      005504          10121122023000000000000115 00000000000000000000000000190120241
3410002300008H 010000000000000000                                         00000000000000000000000 00000000000000000000000 00000000000000000000000000000000000000                                                                                
3410002300009G 01341999600000003076710901221935005504517020002035512722000100REDIESEL RECIFE AUTOD LTDA    19012024000000000030767000000000000000091018712-A      005504          10121122023000000000000062 00000000000000000000000000190120241
3410002300010H 010000000000000000                                         00000000000000000000000 00000000000000000000000 00000000000000000000000000000000000000                                                                                
3410002300011G 01341939631000005766710901221783405504517020002035512722000100REDIESEL RECIFE AUTOD LTDA    19022024000000000057667000000000000000091018634-B      005504          10121122023000000000000115 00000000000000000000000000190220241
3410002300012H 010000000000000000                                         00000000000000000000000 00000000000000000000000 00000000000000000000000000000000000000                                                                                
3410002300013G 01341919631000003076710901221936805504517020002035512722000100REDIESEL RECIFE AUTOD LTDA    19022024000000000030767000000000000000091018712-B      005504          10121122023000000000000062 00000000000000000000000000190220241
3410002300014H 010000000000000000                                         00000000000000000000000 00000000000000000000000 00000000000000000000000000000000000000                                                                                
3410002300015G 01341919660000005766610901221784205504517020002035512722000100REDIESEL RECIFE AUTOD LTDA    19032024000000000057666000000000000000091018634-C      005504          10121122023000000000000115 00000000000000000000000000190320241
3410002300016H 010000000000000000                                         00000000000000000000000 00000000000000000000000 00000000000000000000000000000000000000                                                                                
3410002300017G 01341969660000003076610901221937605504517020002035512722000100REDIESEL RECIFE AUTOD LTDA    19032024000000000030766000000000000000091018712-C      005504          10121122023000000000000062 00000000000000000000000000190320241
3410002300018H 010000000000000000                                         00000000000000000000000 00000000000000000000000 00000000000000000000000000000000000000                                                                                
34100025         000020000000000005661800000000000000000000                                                                                                                                                                                     
34100031I0300022 2015665528000580                    00000 000000000000  CARGO POLO C L T EIRELI                                                                                                                                                
3410003300001G 01341959583000022500015700000007593179901750002045750938000167JS TRUCKS SERVICOS            0201202400000000022500000000000000000009               093179          11721122023000000000000000 0000000000000000000000000002012024 
3410003300002H 010000000000000000                                         00000000000000000000000 00000000000000000000000 00000000000000000000000000000000000000                                                                                
3410003300003G 01341949601000014995010900100684754302606860002006236438000150MT MATERIAIS CONSTRUCAO LTDA  2001202400000000014995000000000000000009100684         054304          11021122023000000000000255 00000000000000000000000000200120241
3410003300004H 010000000000000000                                         00000000000000000000000 00000000000000000000000120012024000000000002999000000000000000                                                                                
3410003300005G 01341949601000024930010900100685454302606860002006236438000150MT MATERIAIS CONSTRUCAO LTDA  2001202400000000024930000000000000000009100685         054304          11021122023000000000000424 00000000000000000000000000200120241
3410003300006H 010000000000000000                                         00000000000000000000000 00000000000000000000000120012024000000000004986000000000000000                                                                                
34100035         000008000000000000624250000000000000000000                                                                                                                                                                                     
34100041I0300022 2015665528001048                    00000 000000000000  CARGO POLO C L T EIRELI                                                                                                                                                
3410004300001G 01341959578000003366610908068603503680165980002051195790000149PERIM COM DE AUTO PECAS LTDA  2812202300000000003366600000000000000009110526-3       003681          10121122023000000000000090 00000000000000000000000000281220231
3410004300002H 010000000000000000                                         00000000000000000000000 00000000000000000000000128122023000000000000673000000000000000                                                                                
3410004300003G 31341999591000028333315700000188764229978220002043355922000124BETEL ELETRODIESEL            10012024000000000283333000000000000000091034A          064220          10115122023000000000000084 00000000000000000000000000100120241
3410004300004H 310000000000000000                                         00000000000000000000000 00000000000000000000000110012024000000000005666000000000000000                                                                                
3410004300005G 01341969596000005820010910054923706123007310002000392776000102ROLAMAR PECAS ACESS V LTDA    1501202400000000005820000000000000000009000267/        006122          10121122023000000000000097 00000000000000000000000000150120241
3410004300006H 010000000000000000                                         00000000000000000000000 00000000000000000000000 00000000000000000000000000000000000000                                                                                
3410004300007G 01341959596000007606810910054924506123007310002000392776000102ROLAMAR PECAS ACESS V LTDA    1501202400000000007606800000000000000009002671/001     006122          10121122023000000000000127 00000000000000000000000000150120241
3410004300008H 010000000000000000                                         00000000000000000000000 00000000000000000000000 00000000000000000000000000000000000000                                                                                
3410004300009G 01341969597000026480010910054931006123007310002000392776000102ROLAMAR PECAS ACESS V LTDA    1601202400000000026480000000000000000009000267/        006122          10121122023000000000000441 00000000000000000000000000160120241
3410004300010H 010000000000000000                                         00000000000000000000000 00000000000000000000000 00000000000000000000000000000000000000                                                                                
3410004300011G 01341989598000001395015700042763780521433960002071592836000170COMLUVAS IND COM EQ SEG LTDA  17012024000000000013950000000000000000099114           080523          10121122023000000000000023 00000000000000000000000000170120241
3410004300012H 010000000000000000                                         00000000000000000000000 00000000000000000000000117012024000000000000279000000000000000                                                                                
3410004300013G 01341919598000006000010990375678006123263300002010653631000163ZAGAR COMERCIO F F LTDA       1701202400000000006000000000000000000009000226427      006122          10121122023000000000000100 00000000000000000000000000170120241
3410004300014H 010000000000000000                                         00000000000000000000000 00000000000000000000000 00000000000000000000000000000000000000                                                                                
3410004300015G 01341929598000003000010990375679806123263300002010653631000163ZAGAR COMERCIO F F LTDA       1701202400000000003000000000000000000009000226428      006122          10121122023000000000000050 00000000000000000000000000170120241
3410004300016H 010000000000000000                                         00000000000000000000000 00000000000000000000000 00000000000000000000000000000000000000                                                                                
3410004300017G 01341979598000020000010990375680606123263300002010653631000163ZAGAR COMERCIO F F LTDA       1701202400000000020000000000000000000009000226442      006122          10121122023000000000000333 00000000000000000000000000170120241
3410004300018H 010000000000000000                                         00000000000000000000000 00000000000000000000000 00000000000000000000000000000000000000                                                                                
3410004300019G 01341969598000075150010990375686306123263300002010653631000163ZAGAR COMERCIO F F LTDA       1701202400000000075150000000000000000009000226533      006122          10121122023000000000001253 00000000000000000000000000170120241
3410004300020H 010000000000000000                                         00000000000000000000000 00000000000000000000000 00000000000000000000000000000000000000                                                                                
3410004300021G 01341919598000174850010990375687106123263300002010653631000163ZAGAR COMERCIO F F LTDA       1701202400000000174850000000000000000009000226534      006122          10121122023000000000002914 00000000000000000000000000170120241
3410004300022H 010000000000000000                                         00000000000000000000000 00000000000000000000000 00000000000000000000000000000000000000                                                                                
3410004300023G 01341919598000011550010990375688906123263300002010653631000163ZAGAR COMERCIO F F LTDA       1701202400000000011550000000000000000009000226535      006122          10121122023000000000000193 00000000000000000000000000170120241
3410004300024H 010000000000000000                                         00000000000000000000000 00000000000000000000000 00000000000000000000000000000000000000                                                                                
3410004300025G 01341959598000023200010990375689706123263300002010653631000163ZAGAR COMERCIO F F LTDA       1701202400000000023200000000000000000009000226536      006122          10121122023000000000000387 00000000000000000000000000170120241
3410004300026H 010000000000000000                                         00000000000000000000000 00000000000000000000000 00000000000000000000000000000000000000                                                                                
3410004300027G 01341929598000010000010990375690506123263300002010653631000163ZAGAR COMERCIO F F LTDA       1701202400000000010000000000000000000009000226537      006122          10121122023000000000000167 00000000000000000000000000170120241
3410004300028H 010000000000000000                                         00000000000000000000000 00000000000000000000000 00000000000000000000000000000000000000                                                                                
3410004300029G 01341919598000004000010990375691306123263300002010653631000163ZAGAR COMERCIO F F LTDA       1701202400000000004000000000000000000009000226545      006122          10121122023000000000000067 00000000000000000000000000170120241
3410004300030H 010000000000000000                                         00000000000000000000000 00000000000000000000000 00000000000000000000000000000000000000                                                                                
3410004300031G 01341989599000002500015700040329814192057430002002111109000121CLEONALDO FERREIRA CARNEIRO ME1801202400000000002500000000000000000009EIC-4G31       014191          10121122023000000000000075 00000000000000000000000000180120241
3410004300032H 010000000000000000                                         00000000000000000000000 00000000000000000000000118012024000000000000500000000000000000                                                                                
3410004300033G 01341949601000022200010960221460438344880860002073514861000161SECCIONAL COMERCIO I LTDA     2001202400000000022200000000000000000009103772.01      038349          10121122023000000000000074 00000000000000000000000000200120241
3410004300034H 010000000000000000                                         00000000000000000000000 00000000000000000000000120012024000000000004440000000000000000                                                                                
3410004300035G 31341969621000028333315700000189564229978220002043355922000124BETEL ELETRODIESEL            09022024000000000283333000000000000000091034B          064220          10115122023000000000000084 00000000000000000000000000090220241
3410004300036H 310000000000000000                                         00000000000000000000000 00000000000000000000000109022024000000000005666000000000000000                                                                                
3410004300037G 01341989624000007606810910054925206123007310002000392776000102ROLAMAR PECAS ACESS V LTDA    1202202400000000007606800000000000000009002671/002     006122          10121122023000000000000127 00000000000000000000000000120220241
3410004300038H 010000000000000000                                         00000000000000000000000 00000000000000000000000 00000000000000000000000000000000000000                                                                                
3410004300039G 01341939631000022200010960221461238344880860002073514861000161SECCIONAL COMERCIO I LTDA     1902202400000000022200000000000000000009103772.02      038349          10121122023000000000000074 00000000000000000000000000190220241
3410004300040H 010000000000000000                                         00000000000000000000000 00000000000000000000000119022024000000000004440000000000000000                                                                                
3410004300041G 31341969649000028333415700000190364229978220002043355922000124BETEL ELETRODIESEL            08032024000000000283334000000000000000091034C          064220          10115122023000000000000085 00000000000000000000000000080320241
3410004300042H 310000000000000000                                         00000000000000000000000 00000000000000000000000108032024000000000005666000000000000000                                                                                
3410004300043G 01341929661000022200010960221462038344880860002073514861000161SECCIONAL COMERCIO I LTDA     2003202400000000022200000000000000000009103772.03      038349          10121122023000000000000074 00000000000000000000000000200320241
3410004300044H 010000000000000000                                         00000000000000000000000 00000000000000000000000120032024000000000004440000000000000000                                                                                
34100045         000046000000000005341252000000000000000000                                                                                                                                                                                     
34100051I0300022 2015665528001200                    00000 000000000000  CARGO POLO C L T EIRELI                                                                                                                                                
3410005300001G 01341989593000004300015700045457937305857530002032720081000190PR TRUCKS S E E E LTDA        12012024000000000043000000000000000000095391           037309          10821122023000000000000014 00000000000000000000000000120120241
3410005300002H 010000000000000000                                         00000000000000000000000 00000000000000000000000112012024000000000000860000000000000000                                                                                
3410005300003G 01341989593000001200015700045458737305857530002032720081000190PR TRUCKS S E E E LTDA        12012024000000000012000000000000000000095392           037309          10821122023000000000000004 00000000000000000000000000120120241
3410005300004H 010000000000000000                                         00000000000000000000000 00000000000000000000000112012024000000000000240000000000000000                                                                                
3410005300005G 01341919593000003000015700045459537305857530002032720081000190PR TRUCKS S E E E LTDA        12012024000000000030000000000000000000095393           037309          10821122023000000000000010 00000000000000000000000000120120241
3410005300006H 010000000000000000                                         00000000000000000000000 00000000000000000000000112012024000000000000600000000000000000                                                                                
3410005300007G 01341999600000006788510900109565407804547080002008990607000178V. PERECK CIA. LTDA - ME      19012024000000000067885000000000000000090001910431     007807          10121122023000000000000068 00000000000000000000000000190120241
3410005300008H 010000000000000000                                         00000000000000000000000 00000000000000000000000119012024000000000001358000000000000000                                                                                
3410005300009G 01341989630000006788510900109566207804547080002008990607000178V. PERECK CIA. LTDA - ME      18022024000000000067885000000000000000090001910432     007807          10121122023000000000000068 00000000000000000000000000180220241
3410005300010H 010000000000000000                                         00000000000000000000000 00000000000000000000000119022024000000000001358000000000000000                                                                                
3410005300011G 01341979660000006788510900109567007804547080002008990607000178V. PERECK CIA. LTDA - ME      19032024000000000067885000000000000000090001910433     007807          10121122023000000000000068 00000000000000000000000000190320241
3410005300012H 010000000000000000                                         00000000000000000000000 00000000000000000000000119032024000000000001358000000000000000                                                                                
34100055         000014000000000000288655000000000000000000                                                                                                                                                                                     
34199999         000005000246                                                                                                                                                                                                                   
