34100000         228537185000197                    00000 000000000000  BS LOGISTICA SA               BANCO ITAU S.A.                         226122023050307000015084                                                                          
34100011I0300022 2028537185000197                    00000 000000000000  BS LOGISTICA SA                                                                                                                                                        
3410001300001G 01341919579000029347910905010918203680165980002051195790000149PERIM COM DE AUTO PECAS LTDA  2912202300000000029347900000000000000009179411-2       003681          10122122023000000000000783 00000000000000000000000000291220231
3410001300002H 010000000000000000                                         00000000000000000000000 00000000000000000000000129122023000000000005869000000000000000                                                                                
34100015         000004000000000000293479000000000000000000                                                                                                                                                                                     
34199999         000001000006                                                                                                                                                                                                                   
