34100000         215665528000157                    00000 000000000000  CARGO POLO C L T EIRELI       BANCO ITAU S.A.                         226122023041509000016084                                                                          
34100011I0300022 2015665528000157                    00000 000000000000  CARGO POLO C L T EIRELI                                                                                                                                                
3410001300001G 01237949540000000600021190900000014044004711802046144625000128RCJ RECAPAGENS LTDA           20112023000000000006000000000000000000097226-1         000000          10222122023000000000000020 00000000000000000000000000190120241
3410001300002H 010000000000000000                                         00000000000000000000000 00000000000000000000000221112023000000000000200000000000000000                                                                                
3410001300003G 02341979544000865963602351217483200000000000002017192451000170BANCO ITAUCARD S.A.           2411202300000000865963600000000000000009               000000          19929092023000000000000194 00000000000000000000000000230120243
3410001300004H 020000000000000000                                         00000000000000000000000 00000000000000000000000125112023000000000000200000000000000000                                                                                
3410001300005G 01237959548000000800021190900000014045004711802046144625000128RCJ RECAPAGENS LTDA           28112023000000000008000000000000000000097232-1         000000          10222122023000000000000026 00000000000000000000000000270120241
3410001300006H 010000000000000000                                         00000000000000000000000 00000000000000000000000229112023000000000000200000000000000000                                                                                
3410001300007G 01237919548000000300021190900000014046004711802046144625000128RCJ RECAPAGENS LTDA           28112023000000000003000000000000000000097234-1         000000          10222122023000000000000010 00000000000000000000000000270120241
3410001300008H 010000000000000000                                         00000000000000000000000 00000000000000000000000229112023000000000000200000000000000000                                                                                
3410001300009G 01237999548000000300021190900000014047004711802046144625000128RCJ RECAPAGENS LTDA           28112023000000000003000000000000000000097241-1         000000          10222122023000000000000010 00000000000000000000000000270120241
3410001300010H 010000000000000000                                         00000000000000000000000 00000000000000000000000229112023000000000000200000000000000000                                                                                
3410001300011G 02341919566000380403302113080736100000000000002017192451000170BANCO ITAUCARD S.A.           1612202300000000380403300000000000000009               000000          19928092023000000000000225 00000000000000000000000000140220243
3410001300012H 020000000000000000                                         00000000000000000000000 00000000000000000000000117122023000000000000200000000000000000                                                                                
3410001300013G 02341919566000350662105120122042600000000000002017192451000170BANCO ITAUCARD S.A.           1612202300000000350662100000000000000009               000000          19929092023000000000000199 00000000000000000000000000140220243
3410001300014H 020000000000000000                                         00000000000000000000000 00000000000000000000000117122023000000000000200000000000000000                                                                                
3410001300015G 02341979566000655164502665515230900000000000002017192451000170BANCO ITAUCARD S.A.           1612202300000000655164500000000000000009               000000          19930092023000000000000182 00000000000000000000000000140220243
3410001300016H 020000000000000000                                         00000000000000000000000 00000000000000000000000117122023000000000000200000000000000000                                                                                
3410001300017G 02403919566000046000000000301956380064887737012037880206000163CORA SCD SA                   1612202300000000046000000000000000000009               000000          10421112023000000000000100 00000000000000000000000000150320243
3410001300018H 022030195638000196MVS PECAS                                00000000000000000000000 00000000000000000000000219122023000000000000200000000000000000                                                                                
3410001300019G 02033989569000018000090160255000000002032001012041613515000144WEB CARRETAS MONTAGEM IND PECA1912202300000000018000000000000000000009000961/2       000000          10223102023000000000000300 00000000000000000000000000160620243
3410001300020H 020000000000000000                                         00000000000000000000000 00000000000000000000000120122023000000000003600000000000000000                                                                                
3410001300021G 02341979570000857541302404471579500000000000002017192451000170BANCO ITAUCARD S.A.           2012202300000000857541300000000000000009               000000          19929092023000000000000194 00000000000000000000000000180220243
3410001300022H 020000000000000000                                         00000000000000000000000 00000000000000000000000121122023000000000000200000000000000000                                                                                
3410001300023G 02341969570000131384702677978874900000000000002017192451000170BANCO ITAUCARD S.A.           2012202300000000131384700000000000000009               000000          19929092023000000000000182 00000000000000000000000000180220243
3410001300024H 020000000000000000                                         00000000000000000000000 00000000000000000000000121122023000000000000200000000000000000                                                                                
3410001300025G 02756939572000016000013214014544781000242850012028235654000113ALEXANDRE MARIO FRANCO LTDA   22122023000000000160000000000000000000091674           000000          10222112023000000000000000 00000000000000000000000000180620245
3410001300026H 020000000000000000                                         00000000000000000000000 00000000000000000000000301010001000000000000000000000000000000                                                                                
3410001300027G 02756939572000011000013214014544781000242920012028235654000113ALEXANDRE MARIO FRANCO LTDA   2212202300000000011000000000000000000009167601         000000          10222112023000000000000200 00000000000000000000000000180620243
3410001300028H 020000000000000000                                         00000000000000000000000 00000000000000000000000223122023000000000000200000000000000000                                                                                
3410001300029G 02748959572000062000011600000141071838094791092050990178000103ALLYF M RODRIGUES BEZERRA     221220230000000006200000000000000000000949             000000          19916122023000000000000000 00000000000000000000000000191220335
3410001300030H 020000000000000000                                         00000000000000000000000 00000000000000000000000301010001000000000000000000000000000000                                                                                
3410001300031G 02341929572000759013602051418010600000000000002017192451000170BANCO ITAUCARD S.A.           2212202300000000759013600000000000000009               000000          19928092023000000000000217 00000000000000000000000000200220243
3410001300032H 020000000000000000                                         00000000000000000000000 00000000000000000000000123122023000000000000200000000000000000                                                                                
3410001300033G 02001959572000000781000000030430449015496889172004892707000100DNIT.DEPARTAMENTO NACIONAL DE 2212202300000000000781000000000000000009               000000          10420122023000000000000000 00000000000000000000000000221220235
3410001300034H 020000000000000000                                         00000000000000000000000 00000000000000000000000301010001000000000000000000000000000000                                                                                
3410001300035G 02001959572000000781000000030430449015496947172004892707000100DNIT.DEPARTAMENTO NACIONAL DE 2212202300000000000781000000000000000009               000000          10420122023000000000000000 00000000000000000000000000221220235
3410001300036H 020000000000000000                                         00000000000000000000000 00000000000000000000000301010001000000000000000000000000000000                                                                                
3410001300037G 02237979565000001475219010900000011395004471202010243226000177GADE SOLUTION                 2212202300000000001475200000000000000009218413 1       000000          10205122023000000000000028 00000000000000000000000000200220241
3410001300038H 020000000000000000                                         00000000000000000000000 00000000000000000000000223122023000000000000200000000000000000                                                                                
3410001300039G 02033969572000002625090155611000000000929601012004133268000152GANDINI EMPREENDIMENTOS HOTELE22122023000000000026250000000000000000092562 2NE       000000          10208122023000000000000033 00000000000000000000000000190620243
3410001300040H 020000000000000000                                         00000000000000000000000 00000000000000000000000123122023000000000000525000000000000000                                                                                
3410001300041G 02033989572000041820090155611000000000932601012004133268000152GANDINI EMPREENDIMENTOS HOTELE221220230000000004182000000000000000000996540 11       000000          10208122023000000000000033 00000000000000000000000000190620243
3410001300042H 020000000000000000                                         00000000000000000000000 00000000000000000000000123122023000000000008364000000000000000                                                                                
3410001300043G 02033999572000000770099085319000002214105701012056028251000309GAPLAN CAMINHOES LTDA         2212202300000000000770000000000000000009285799         000000          10224112023000000000000584 00000000000000000000000000160120243
3410001300044H 020000000000000000                                         00000000000000000000000 00000000000000000000000301010001000000000000000000000000000000                                                                                
3410001300045G 02033949572000011996690101549000000002307801012044915518000120GOMMA DISTRIBUIDORA DE PNEUS L2212202300000000011996600000000000000009700/3          000000          10228092023000000000000240 00000000000000000000000000190620243
3410001300046H 020000000000000000                                         00000000000000000000000 00000000000000000000000123122023000000000002399000000000000000                                                                                
3410001300047G 02033929572000003392093316386000000950631501042006260878000142L DO P PONTOGLIO-ME           221220230000000000339200000000000000000918682          000000          10208122023000000000000000 00000000000000000000000000190620245
3410001300048H 020000000000000000                                         00000000000000000000000 00000000000000000000000301010001000000000000000000000000000000                                                                                
3410001300049G 02237939572000006000065490933290000002000781202041667458000186MP MANUTENCAO E TRANSPORTE LTD2212202300000000006000000000000000000009142            000000          10225112023000000000000000 00000000000000000000000000200220245
3410001300050H 022041667458000186MP MANUTENCAO E TRANSPORTE LTD           00000000000000000000000 00000000000000000000000301010001000000000000000000000000000000                                                                                
3410001300051G 02748919572000016200011232008220300304495451012048150009000105P. P. CARVALHO COMERCIO DE PNE22122023000000000162000000000000000000091000302/01     000000          10324112023000000000000250 00000000000000000000000000191220331
3410001300052H 020000000000000000                                         00000000000000000000000 00000000000000000000000226122023000000000000200000000000000000                                                                                
3410001300053G 02033969572000017800098530297000015140385301012008561701000101PAGSEGURO INTERNET INSTITUICAO2212202300000000017800000000000000000009151403853      000000          10207122023000000000000000 00000000000000000000000000210120245
3410001300054H 022048757522000169DIAS E FLORENTINO ESTETICA AUT           00000000000000000000000 00000000000000000000000301010001000000000000000000000000000000                                                                                
3410001300055G 02001919572000010609300000022349790000029078172010849904000140PC SILVA MUNDIAL FERRAMENTAS L221220230000000001060930000000000000000928693.04       000000          10228082023000000000000035 00000000000000000000000000161220241
3410001300056H 020000000000000000                                         00000000000000000000000 00000000000000000000000224122023000000000000200000000000000000                                                                                
3410001300057G 02033959572000017250090077283000003587841001012051195790000149PERIM COMERCIO DE AUTO PECAS L2212202300000000017250000000000000000009453517-2       000000          10215122023000000000000800 00000000000000000000000000200220243
3410001300058H 020000000000000000                                         00000000000000000000000 00000000000000000000000123122023000000000003450000000000000000                                                                                
3410001300059G 02001919572000014675100000027360305580294236172005463702000125SMART GAS DISTRIBUIDORA LTDA. 22122023000000000146751000000000000000090000102374     000000          20208122023000000000000484 00000000000000000000000000210320241
3410001300060H 020000000000000000                                         00000000000000000000000 00000000000000000000000223122023000000000000150000000000000000                                                                                
3410001300061G 02422949572000007160071450000585124500002951722002803735000260VISARI AUTO PECAS LTDA        22122023000000000071600000000000000000090037239/01     000000          10203122023000000000000142 00000000000000000000000000210320241
3410001300062H 020000000000000000                                         00000000000000000000000 00000000000000000000000301010001000000000000000000000000000000                                                                                
3410001300063G 02033919572000291666690160255000000002083401012041613515000144WEB CARRETAS MONTAGEM IND PECA2212202300000000291666600000000000000009000978/2       000000          10224102023000000000000300 00000000000000000000000000190620243
3410001300064H 020000000000000000                                         00000000000000000000000 00000000000000000000000123122023000000000058333000000000000000                                                                                
3410001300065G 01341929575000001561815700048738507100834860002023083064000107E-MATRIZ LOCADORA VEICULOSLTDA2512202300000000001561800000000000000009251            007104          10122122023000000000000010 00000000000000000000000000251220231
3410001300066H 010000000000000000                                         00000000000000000000000 00000000000000000000000125122023000000000000312000000000000000                                                                                
3410001300067G 01341919577000080028010900046554502618550010002096207956000138EMBREMAC INDUSTRIA C P A LTDA 271220230000000008002800000000000000000940942/1        002618          10122122023000000000002668 00000000000000000000000000271220231
3410001300068H 010000000000000000                                         00000000000000000000000 00000000000000000000000128122023000000000016005000000000000000                                                                                
3410001300069G 01341919577000006000015700001097803669860810002007143431000741RESIBRAS IND DE CASTANHA LTDA 27122023000000000060000000000000000000096.064604/1     003665          11022122023000000000000060 00000000000000000000000000271220231
3410001300070H 010000000000000000                                         00000000000000000000000 00000000000000000000000 00000000000000000000000000000000000000                                                                                
3410001300071G 01001949579000001643700000030430449015519991172004892707000100DNIT.DEPARTAMENTO NACIONAL DE 2912202300000000001643700000000000000009               000000          10422122023000000000000000 00000000000000000000000000291220235
3410001300072H 010000000000000000                                         00000000000000000000000 00000000000000000000000301010001000000000000000000000000000000                                                                                
3410001300073G 01001999579000002465500000030430449015519999172004892707000100DNIT.DEPARTAMENTO NACIONAL DE 2912202300000000002465500000000000000009               000000          10422122023000000000000000 00000000000000000000000000291220235
3410001300074H 010000000000000000                                         00000000000000000000000 00000000000000000000000301010001000000000000000000000000000000                                                                                
3410001300075G 01001919579000002465500000030430449015519993172004892707000100DNIT.DEPARTAMENTO NACIONAL DE 2912202300000000002465500000000000000009               000000          10422122023000000000000000 00000000000000000000000000291220235
3410001300076H 010000000000000000                                         00000000000000000000000 00000000000000000000000301010001000000000000000000000000000000                                                                                
3410001300077G 01001919579000002473900000030430449015519996172004892707000100DNIT.DEPARTAMENTO NACIONAL DE 2912202300000000002473900000000000000009               000000          10422122023000000000000000 00000000000000000000000000291220235
3410001300078H 010000000000000000                                         00000000000000000000000 00000000000000000000000301010001000000000000000000000000000000                                                                                
3410001300079G 01001979579000002456900000030430449015519994172004892707000100DNIT.DEPARTAMENTO NACIONAL DE 2912202300000000002456900000000000000009               000000          10422122023000000000000000 00000000000000000000000000291220235
3410001300080H 010000000000000000                                         00000000000000000000000 00000000000000000000000301010001000000000000000000000000000000                                                                                
3410001300081G 01001939579000002465500000030430449015519995172004892707000100DNIT.DEPARTAMENTO NACIONAL DE 2912202300000000002465500000000000000009               000000          10422122023000000000000000 00000000000000000000000000291220235
3410001300082H 010000000000000000                                         00000000000000000000000 00000000000000000000000301010001000000000000000000000000000000                                                                                
3410001300083G 01341919579000017872310960028346902041818120002014525684000150ESSOR SEGUROS                 29122023000000000178723000000000000000093105005566     002048          11722122023000000000000060 00000000000000000000000000291220231
3410001300084H 010000000000000000                                         00000000000000000000000 00000000000000000000000129122023000000000003574000000000000000                                                                                
3410001300085G 01033919579000003006290077283000004121623701012051195790000149PERIM COMERCIO DE AUTO PECAS L2912202300000000003006200000000000000009546160-1       000000          10222122023000000000000798 00000000000000000000000000270220243
3410001300086H 010000000000000000                                         00000000000000000000000 00000000000000000000000130122023000000000000601000000000000000                                                                                
3410001300087G 01341959579000001980010900141722603685769890002042641570000100PERIM VAN COMERCIO VAREJISTA D29122023000000000019800000000000000000093877-1         003681          10122122023000000000000053 00000000000000000000000000291220231
3410001300088H 010000000000000000                                         00000000000000000000000 00000000000000000000000129122023000000000000396000000000000000                                                                                
3410001300089G 01237929582000001162404900904900014494002217702066944158000128CASA DO OLEO RIBEIRAO PRETO LT010120240000000000116240000000000000000917451-1        000000          10222122023000000000000031 00000000000000000000000000010320241
3410001300090H 010000000000000000                                         00000000000000000000000 00000000000000000000000202012024000000000000200000000000000000                                                                                
3410001300091G 01237999583000142486311000900000090151001938002030342266000183ONF CONSULTORIA E GESTAO LTDA 020120240000000014248630000000000000000939934 1        000000          10222122023000000000000475 00000000000000000000000000020320241
3410001300092H 010000000000000000                                         00000000000000000000000 00000000000000000000000203012024000000000000200000000000000000                                                                                
3410001300093G 01033919585000086202194414896000001251021101012066992132000155TAKACHI ADMINISTRACAO DE IMOVE04012024000000000862021000000000000000091251021        000000          11722122023000000000000000 00000000000000000000000000020720245
3410001300094H 010000000000000000                                         00000000000000000000000 00000000000000000000000106012024000000000086202000000000000000                                                                                
3410001300095G 01341919586000002320010900328887302783403690002034539682000127LORENZON LOCADORA DE EQUIPAMEN05012024000000000023200000000000000000090000044096     002782          10122122023000000000000030 00000000000000000000000000050120241
3410001300096H 010000000000000000                                         00000000000000000000000 00000000000000000000000 00000000000000000000000000000000000000                                                                                
3410001300097G 01341969586000014310010900328735702787498900002043328997000116LORENZON LOCADORA DE EQUIPAMEN05012024000000000143100000000000000000090000022879     002782          10122122023000000000000190 00000000000000000000000000050120241
3410001300098H 010000000000000000                                         00000000000000000000000 00000000000000000000000 00000000000000000000000000000000000000                                                                                
3410001300099G 01237959586000002517500030900001001831002309702003374024000107SOFFNER TECNOLOGIA LTDA       0501202400000000002517500000000000000009D15860-1       000000          10222122023000000000000083 00000000000000000000000000050320241
3410001300100H 010000000000000000                                         00000000000000000000000 00000000000000000000000206012024000000000000500000000000000000                                                                                
3410001300101G 01033989591000011596193651720205592957606101012062550256000120NOTRE DAME INTERMEDICA MINAS G10012024000000000115961000000000000000091597073804     000000          10222122023000000000000349 00000000000000000000000000100420243
3410001300102H 012062550256000120NDI MG SAUDE S.A                         00000000000000000000000 00000000000000000000000111012024000000000002319000000000000000                                                                                
3410001300103G 01237949592000017350033760923000865676001891002003498812000105EBEG EMBALAGENS E DESCARTAVEIS11012024000000000173500000000000000000090124004801     000000          10222122023000000000000578 00000000000000000000000000100420241
3410001300104H 012003498812000105EBEG EMBALAGENS E DESCARTAVEIS           00000000000000000000000 00000000000000000000000212012024000000000000200000000000000000                                                                                
3410001300105G 01341949592000080028010900046555202618550010002096207956000138EMBREMAC INDUSTRIA C P A LTDA 110120240000000008002800000000000000000940942/2        002618          10122122023000000000002668 00000000000000000000000000110120241
3410001300106H 010000000000000000                                         00000000000000000000000 00000000000000000000000112012024000000000016005000000000000000                                                                                
3410001300107G 01341959592000251250010905531589029380663270002033337122000127IPIRANGA PRODS DE PETROLEO    11012024000000002512500000000000000000090000294570     029389          10122122023000000000009213 00000000000000000000000000110120241
3410001300108H 010000000000000000                                         00000000000000000000000 00000000000000000000000 00000000000000000000000000000000000000                                                                                
3410001300109G 01001999592000002500000000030300390000000912172027909384000116J E SERVICOS DE MANUTENCAO LTD110120240000000000250000000000000000000922231000       000000          10222122023000000000000200 00000000000000000000000000100220243
3410001300110H 010000000000000000                                         00000000000000000000000 00000000000000000000000213012024000000000000350000000000000000                                                                                
3410001300111G 01237999593000004435421190900000013966004711802046144625000128RCJ RECAPAGENS LTDA           12012024000000000044354000000000000000098184-1         000000          10222122023000000000000146 00000000000000000000000000120320241
3410001300112H 010000000000000000                                         00000000000000000000000 00000000000000000000000213012024000000000000200000000000000000                                                                                
3410001300113G 01237939593000004357721190900000013964004711802046144625000128RCJ RECAPAGENS LTDA           12012024000000000043577000000000000000098183-1         000000          10222122023000000000000144 00000000000000000000000000120320241
3410001300114H 010000000000000000                                         00000000000000000000000 00000000000000000000000213012024000000000000200000000000000000                                                                                
3410001300115G 01033919593001058628195346541000639018444501012033164021000100TOKIO MARINE SEGURADORA S A   12012024000000010586281000000000000000090000026738     000000          12022122023000000000019408 00000000000000000000000000100720241
3410001300116H 012033164021000100TOKIO MARINE SEGURADORA S.A.             00000000000000000000000 00000000000000000000000301010001000000000000000000000000000000                                                                                
3410001300117G 01033969593001512326995346541000639018334101012033164021000100TOKIO MARINE SEGURADORA S A   12012024000000015123269000000000000000090000026738     000000          12022122023000000000027726 00000000000000000000000000100720241
3410001300118H 012033164021000100TOKIO MARINE SEGURADORA S.A.             00000000000000000000000 00000000000000000000000301010001000000000000000000000000000000                                                                                
3410001300119G 01237919598000002810404900904900014594002217702066944158000128CASA DO OLEO RIBEIRAO PRETO LT170120240000000000281040000000000000000917581-1        000000          10222122023000000000000076 00000000000000000000000000170320241
3410001300120H 010000000000000000                                         00000000000000000000000 00000000000000000000000218012024000000000000200000000000000000                                                                                
3410001300121G 01237949599000006100036840200000155680003621802008603129000104NORTE SUL                     18012024000000000061000000000000000000090104648001     000000          30222122023000000000000122 00000000000000000000000000180320241
3410001300122H 010000000000000000                                         00000000000000000000000 00000000000000000000000219012024000000000000200000000000000000                                                                                
3410001300123G 01341919599000027840010900190686101940940250002002684965000176PETROCAMP DERIV PETROLEO LTDA 18012024000000000278400000000000000000090000005126     001941          10122122023000000000000835 00000000000000000000000000180120241
3410001300124H 010000000000000000                                         00000000000000000000000 00000000000000000000000 00000000000000000000000000000000000000                                                                                
3410001300125G 01033949601000006500097153066000000000702601012015380089000136ECG DE OLIVEIRA AUTO PECAS ME 20012024000000000065000000000000000000094043           000000          10222122023000000000000200 00000000000000000000000000180720243
3410001300126H 010000000000000000                                         00000000000000000000000 00000000000000000000000123012024000000000001300000000000000000                                                                                
3410001300127G 01237939601000005993412340900000368811005686102000071675000121LUREX DISTRIBUIDORA           2001202400000000005993400000000000000009284999         000000          10222122023000000000000120 00000000000000000000000000200320241
3410001300128H 010000000000000000                                         00000000000000000000000 00000000000000000000000301010001000000000000000000000000000000                                                                                
3410001300129G 01237979601000003300003370933560000583083850002012813212000177RNX FIDC MULTISSETORIAL LP    200120240000000000330000000000000000000952098001       000000          10222122023000000000000142 00000000000000000000000000200320241
3410001300130H 012012335445000101J ANTUNES DIST DE PECAS LTDA             00000000000000000000000 00000000000000000000000301010001000000000000000000000000000000                                                                                
3410001300131G 01001959601000008288000000029821950000087145172026576031000189SHOW DISTRIBUIDORA AUTOMOTIVA 200120240000000000828800000000000000000997329.1        000000          10222122023000000000000166 00000000000000000000000000190420241
3410001300132H 010000000000000000                                         00000000000000000000000 00000000000000000000000221012024000000000000200000000000000000                                                                                
3410001300133G 01422919601000046377870120000582904300008310722037321294000163VARP CREDIT SECURITIZADORA SA 200120240000000004637780000000000000000981E5871/01     000000          10222122023000000000001544 00000000000000000000000000190420241
3410001300134H 012009051846000125MS - MAGNUM SERVICES SERV DE R           00000000000000000000000 00000000000000000000000221012024000000000000200000000000000000                                                                                
3410001300135G 01130999602000071100000011210020680000460052632010399575000182ASSOCIACAO E.D.S.PTCPO.M UBERL21012024000000000711000000000000000000091000390397     000000          10222122023000000000000000 00000000000000000000000000260320245
3410001300136H 010000000000000000                                         00000000000000000000000 00000000000000000000000301010001000000000000000000000000000000                                                                                
3410001300137G 01748939602000009800011232015937071068625421012029268056000103D E BOMBASE LTDA              21012024000000000098000000000000000000090001170501     000000          10322122023000000000000810 00000000000000000000000000180120343
3410001300138H 010000000000000000                                         00000000000000000000000 00000000000000000000000223012024000000000000500000000000000000                                                                                
3410001300139G 01748919602000007361011232007192091420003921012036957761000183MOREIRA TRUCK CENTER LTDA     21012024000000000073610000000000000000090000007076     000000          10322122023000000000000245 00000000000000000000000000180120341
3410001300140H 010000000000000000                                         00000000000000000000000 00000000000000000000000223012024000000000000200000000000000000                                                                                
3410001300141G 01748959602000020600011231008898091420003911022025120723000155REZENDE  TRUCK SERVICE        210120240000000002060000000000000000000912209-01       000000          10322122023000000000000990 00000000000000000000000000180120343
3410001300142H 010000000000000000                                         00000000000000000000000 00000000000000000000000223012024000000000000200000000000000000                                                                                
3410001300143G 01237989603000005349823670223000073716000254102007327166000166CEQUIP IMPORTACAO E COM LTDA  220120240000000000534980000000000000000931329-1        000000          30222122023000000000000089 00000000000000000000000000290120241
3410001300144H 010000000000000000                                         00000000000000000000000 00000000000000000000000223012024000000000000200000000000000000                                                                                
3410001300145G 01341979603000005920010900047665401443003730002034507958000195D - CAMINHO CAMINHOES LTDA.   22012024000000000059200000000000000000090013204001     001446          10122122023000000000000116 00000000000000000000000000220120241
3410001300146H 010000000000000000                                         00000000000000000000000 00000000000000000000000 00000000000000000000000000000000000000                                                                                
3410001300147G 01001919603000016170200000030939420000071197172001536085000270PNEULANDIA COMERCIAL LTDA     2201202400000000016170200000000000000009180037.1       000000          10222122023000000000000216 00000000000000000000000000210420241
3410001300148H 010000000000000000                                         00000000000000000000000 00000000000000000000000301010001000000000000000000000000000000                                                                                
3410001300149G 01341969603000005400015700041761343936704940002036224875000114RODOCENTER G DE FROTS EIRELLI 2201202400000000005400000000000000000009NF2285         043935          10822122023000000000000072 00000000000000000000000000220120241
3410001300150H 010000000000000000                                         00000000000000000000000 00000000000000000000000122012024000000000002160000000000000000                                                                                
3410001300151G 01341949606000001041310900000871107100834860002023083064000107E-MATRIZ LOCADORA VEICULOSLTDA25012024000000000010413000000000000000093051           007104          11022122023000000000000003 00000000000000000000000000250120241
3410001300152H 010000000000000000                                         00000000000000000000000 00000000000000000000000125012024000000000000208000000000000000                                                                                
3410001300153G 01341949606000003123710900000873707100834860002023083064000107E-MATRIZ LOCADORA VEICULOSLTDA25012024000000000031237000000000000000093053           007104          11022122023000000000000010 00000000000000000000000000250120241
3410001300154H 010000000000000000                                         00000000000000000000000 00000000000000000000000125012024000000000000624000000000000000                                                                                
3410001300155G 01756959609000007253013261010067903001952930012004856229000183CEBOLAO EQUIPAMENTOS RODOVIARI2801202400000000007253000000000000000009196967/01E     000000          10222122023000000000000017 00000000000000000000000000191220333
3410001300156H 010000000000000000                                         00000000000000000000000 00000000000000000000000301010001000000000000000000000000000000                                                                                
3410001300157G 01001919609000007300000000025769050000161286172003635486000122RIMA COMERCIO DE PECAS LTDA   2801202400000000007300000000000000000009580929.1       000000          20222122023000000000000219 00000000000000000000000000270420241
3410001300158H 010000000000000000                                         00000000000000000000000 00000000000000000000000301010001000000000000000000000000000000                                                                                
3410001300159G 01001999609000001600000000025769050000161296172003635486000122RIMA COMERCIO DE PECAS LTDA   2801202400000000001600000000000000000009580955.1       000000          20222122023000000000000048 00000000000000000000000000270420241
3410001300160H 010000000000000000                                         00000000000000000000000 00000000000000000000000301010001000000000000000000000000000000                                                                                
3410001300161G 01237949612000002810404900904900014595002217702066944158000128CASA DO OLEO RIBEIRAO PRETO LT310120240000000000281040000000000000000917581-2        000000          10222122023000000000000076 00000000000000000000000000310320241
3410001300162H 010000000000000000                                         00000000000000000000000 00000000000000000000000201022024000000000000200000000000000000                                                                                
3410001300163G 01033989616000086202194414896000001251022001012066992132000155TAKACHI ADMINISTRACAO DE IMOVE04022024000000000862021000000000000000091251022        000000          11722122023000000000000000 00000000000000000000000000020820245
3410001300164H 010000000000000000                                         00000000000000000000000 00000000000000000000000106022024000000000086202000000000000000                                                                                
3410001300165G 01237999624000004357721190900000013965004711802046144625000128RCJ RECAPAGENS LTDA           12022024000000000043577000000000000000098183-2         000000          10222122023000000000000144 00000000000000000000000000120420241
3410001300166H 010000000000000000                                         00000000000000000000000 00000000000000000000000213022024000000000000200000000000000000                                                                                
3410001300167G 01237919626000002810304900904900014596002217702066944158000128CASA DO OLEO RIBEIRAO PRETO LT140220240000000000281030000000000000000917581-3        000000          10222122023000000000000076 00000000000000000000000000140420241
3410001300168H 010000000000000000                                         00000000000000000000000 00000000000000000000000215022024000000000000200000000000000000                                                                                
3410001300169G 01237949629000006100036840200000155681003621802008603129000104NORTE SUL                     17022024000000000061000000000000000000090104648002     000000          30222122023000000000000122 00000000000000000000000000170420241
3410001300170H 010000000000000000                                         00000000000000000000000 00000000000000000000000218022024000000000000200000000000000000                                                                                
3410001300171G 01001919631000016170200000030939420000071198172001536085000270PNEULANDIA COMERCIAL LTDA     1902202400000000016170200000000000000009180037.2       000000          10222122023000000000000216 00000000000000000000000000190520241
3410001300172H 010000000000000000                                         00000000000000000000000 00000000000000000000000301010001000000000000000000000000000000                                                                                
3410001300173G 01001959631000008288000000029821950000087146172026576031000189SHOW DISTRIBUIDORA AUTOMOTIVA 190220240000000000828800000000000000000997329.2        000000          10222122023000000000000166 00000000000000000000000000190520241
3410001300174H 010000000000000000                                         00000000000000000000000 00000000000000000000000220022024000000000000200000000000000000                                                                                
3410001300175G 01422919631000046377870120000582904300008310822037321294000163VARP CREDIT SECURITIZADORA SA 190220240000000004637780000000000000000981E5871/02     000000          10222122023000000000001544 00000000000000000000000000190520241
3410001300176H 012009051846000125MS - MAGNUM SERVICES SERV DE R           00000000000000000000000 00000000000000000000000220022024000000000000200000000000000000                                                                                
3410001300177G 01237919632000005349623670223000073717000254102007327166000166CEQUIP IMPORTACAO E COM LTDA  200220240000000000534960000000000000000931329-2        000000          30222122023000000000000089 00000000000000000000000000270220241
3410001300178H 010000000000000000                                         00000000000000000000000 00000000000000000000000221022024000000000000200000000000000000                                                                                
3410001300179G 01341919632000005920010900047666201443003730002034507958000195D - CAMINHO CAMINHOES LTDA.   20022024000000000059200000000000000000090013204002     001446          10122122023000000000000116 00000000000000000000000000200220241
3410001300180H 010000000000000000                                         00000000000000000000000 00000000000000000000000 00000000000000000000000000000000000000                                                                                
3410001300181G 01237939632000005993312340900000368812005686102000071675000121LUREX DISTRIBUIDORA           2002202400000000005993300000000000000009285000         000000          10222122023000000000000120 00000000000000000000000000200420241
3410001300182H 010000000000000000                                         00000000000000000000000 00000000000000000000000301010001000000000000000000000000000000                                                                                
3410001300183G 01748949632000007361011232007206091420003921032036957761000183MOREIRA TRUCK CENTER LTDA     20022024000000000073610000000000000000090000007076     000000          10322122023000000000000245 00000000000000000000000000170220341
3410001300184H 010000000000000000                                         00000000000000000000000 00000000000000000000000221022024000000000000200000000000000000                                                                                
3410001300185G 01748989632000020600011231008901091420003911042025120723000155REZENDE  TRUCK SERVICE        200220240000000002060000000000000000000912209-02       000000          10322122023000000000000990 00000000000000000000000000170220343
3410001300186H 010000000000000000                                         00000000000000000000000 00000000000000000000000221022024000000000000200000000000000000                                                                                
3410001300187G 01033969645000086202194414896000001251023801012066992132000155TAKACHI ADMINISTRACAO DE IMOVE04032024000000000862021000000000000000091251023        000000          11722122023000000000000000 00000000000000000000000000310820245
3410001300188H 010000000000000000                                         00000000000000000000000 00000000000000000000000106032024000000000086202000000000000000                                                                                
3410001300189G 01237969659000006100036840200000155682003621802008603129000104NORTE SUL                     18032024000000000061000000000000000000090104648003     000000          30222122023000000000000122 00000000000000000000000000170520241
3410001300190H 010000000000000000                                         00000000000000000000000 00000000000000000000000219032024000000000000200000000000000000                                                                                
3410001300191G 01237919661000005993312340900000368813005686102000071675000121LUREX DISTRIBUIDORA           2003202400000000005993300000000000000009285001         000000          10222122023000000000000120 00000000000000000000000000190520241
3410001300192H 010000000000000000                                         00000000000000000000000 00000000000000000000000301010001000000000000000000000000000000                                                                                
3410001300193G 01001919661000016170200000030939420000071199172001536085000270PNEULANDIA COMERCIAL LTDA     2003202400000000016170200000000000000009180037.3       000000          10222122023000000000000216 00000000000000000000000000180620241
3410001300194H 010000000000000000                                         00000000000000000000000 00000000000000000000000301010001000000000000000000000000000000                                                                                
3410001300195G 01001959661000008288000000029821950000087147172026576031000189SHOW DISTRIBUIDORA AUTOMOTIVA 200320240000000000828800000000000000000997329.3        000000          10222122023000000000000166 00000000000000000000000000180620241
3410001300196H 010000000000000000                                         00000000000000000000000 00000000000000000000000221032024000000000000200000000000000000                                                                                
3410001300197G 01422919661000046377870120000582904300008310922037321294000163VARP CREDIT SECURITIZADORA SA 200320240000000004637780000000000000000981E5871/03     000000          10222122023000000000001544 00000000000000000000000000180620241
3410001300198H 012009051846000125MS - MAGNUM SERVICES SERV DE R           00000000000000000000000 00000000000000000000000221032024000000000000200000000000000000                                                                                
3410001300199G 01237919662000005349623670223000073718000254102007327166000166CEQUIP IMPORTACAO E COM LTDA  210320240000000000534960000000000000000931329-3        000000          30222122023000000000000089 00000000000000000000000000280320241
3410001300200H 010000000000000000                                         00000000000000000000000 00000000000000000000000222032024000000000000200000000000000000                                                                                
3410001300201G 01341939662000005908610900047667001443003730002034507958000195D - CAMINHO CAMINHOES LTDA.   21032024000000000059086000000000000000090013204003     001446          10122122023000000000000116 00000000000000000000000000210320241
3410001300202H 010000000000000000                                         00000000000000000000000 00000000000000000000000 00000000000000000000000000000000000000                                                                                
3410001300203G 01033919676000086202194414896000001251024601012066992132000155TAKACHI ADMINISTRACAO DE IMOVE04042024000000000862021000000000000000091251024        000000          11722122023000000000000000 00000000000000000000000000011020245
3410001300204H 010000000000000000                                         00000000000000000000000 00000000000000000000000106042024000000000086202000000000000000                                                                                
3410001300205G 01237949694000005349623670223000073719000254102007327166000166CEQUIP IMPORTACAO E COM LTDA  220420240000000000534960000000000000000931329-4        000000          30222122023000000000000089 00000000000000000000000000290420241
3410001300206H 010000000000000000                                         00000000000000000000000 00000000000000000000000223042024000000000000200000000000000000                                                                                
34100015         000208000000000086755350000000000000000000                                                                                                                                                                                     
34100021I0300022 2015665528000580                    00000 000000000000  CARGO POLO C L T EIRELI                                                                                                                                                
3410002300001G 01341919585000051898315700043067516474090590002023769576000113C L SANTOS AUTO PECAS -ME     04012024000000000518983000000000000000096458/1         016477          10122122023000000000000173 00000000000000000000000000040120241
3410002300002H 010000000000000000                                         00000000000000000000000 00000000000000000000000104012024000000000010380000000000000000                                                                                
3410002300003G 01341939598000019450010910023153274850690040002000694545000145RECAPAGEM PNEUFORTE LTDA      17012024000000000194500000000000000000095450/1         074856          10122122023000000000000259 00000000000000000000000000170120241
3410002300004H 010000000000000000                                         00000000000000000000000 00000000000000000000000118012024000000000003890000000000000000                                                                                
3410002300005G 01341989601000011500010910023229074850690040002000694545000145RECAPAGEM PNEUFORTE LTDA      20012024000000000115000000000000000000095510/1         074856          10122122023000000000000153 00000000000000000000000000200120241
3410002300006H 010000000000000000                                         00000000000000000000000 00000000000000000000000121012024000000000002300000000000000000                                                                                
3410002300007G 01341979615000051898315700043068316474090590002023769576000113C L SANTOS AUTO PECAS -ME     03022024000000000518983000000000000000096458/2         016477          10122122023000000000000173 00000000000000000000000000030220241
3410002300008H 010000000000000000                                         00000000000000000000000 00000000000000000000000103022024000000000010380000000000000000                                                                                
3410002300009G 01341919628000019450010910023154074850690040002000694545000145RECAPAGEM PNEUFORTE LTDA      16022024000000000194500000000000000000095450/2         074856          10122122023000000000000259 00000000000000000000000000160220241
3410002300010H 010000000000000000                                         00000000000000000000000 00000000000000000000000117022024000000000003890000000000000000                                                                                
3410002300011G 01341919630000051898415700043069116474090590002023769576000113C L SANTOS AUTO PECAS -ME     18022024000000000518984000000000000000096458/3         016477          10122122023000000000000173 00000000000000000000000000180220241
3410002300012H 010000000000000000                                         00000000000000000000000 00000000000000000000000118022024000000000010380000000000000000                                                                                
3410002300013G 01341989631000011500010910023230874850690040002000694545000145RECAPAGEM PNEUFORTE LTDA      19022024000000000115000000000000000000095510/2         074856          10122122023000000000000153 00000000000000000000000000190220241
3410002300014H 010000000000000000                                         00000000000000000000000 00000000000000000000000120022024000000000002300000000000000000                                                                                
3410002300015G 01341929658000019450010910023155774850690040002000694545000145RECAPAGEM PNEUFORTE LTDA      17032024000000000194500000000000000000095450/3         074856          10122122023000000000000259 00000000000000000000000000170320241
3410002300016H 010000000000000000                                         00000000000000000000000 00000000000000000000000118032024000000000003890000000000000000                                                                                
3410002300017G 01341979661000011500010910023231674850690040002000694545000145RECAPAGEM PNEUFORTE LTDA      20032024000000000115000000000000000000095510/3         074856          10122122023000000000000153 00000000000000000000000000200320241
3410002300018H 010000000000000000                                         00000000000000000000000 00000000000000000000000121032024000000000002300000000000000000                                                                                
34100025         000020000000000002485450000000000000000000                                                                                                                                                                                     
34100031I0300022 2015665528000742                    00000 000000000000  CARGO POLO C L T EIRELI                                                                                                                                                
3410003300001G 013419695790006033488109001098390027819358600020503660120001021 TABELIAO N P L TITULOS ITU  2912202300000000603348800000000000000009               002782          11022122023000000000000000 0000000000000000000000000029122023 
3410003300002H 010000000000000000                                         00000000000000000000000 00000000000000000000000 00000000000000000000000000000000000000                                                                                
34100035         000004000000000006033488000000000000000000                                                                                                                                                                                     
34100041I0300022 2015665528001048                    00000 000000000000  CARGO POLO C L T EIRELI                                                                                                                                                
3410004300001G 01341979586000007905710994560356029380429060002061602199000112CIA ULTRAGAZ S A              05012024000000000079057000000000000000091391-1         029389          10122122023000000000000092 00000000000000000000000000050120241
3410004300002H 010000000000000000                                         00000000000000000000000 00000000000000000000000105012024000000000001581000000000000000                                                                                
3410004300003G 01341989602000034750410900002638987459984380002014021473000422INTERCAMBIO PECAS E SERV LTDA 21012024000000000347504000000000000000090001060-01     087452          10122122023000000000000417 00000000000000000000000000210120241
3410004300004H 010000000000000000                                         00000000000000000000000 00000000000000000000000121012024000000000006950000000000000000                                                                                
3410004300005G 01341949602000012055010900002643987459984380002014021473000422INTERCAMBIO PECAS E SERV LTDA 21012024000000000120550000000000000000090001209-01     087452          10122122023000000000000145 00000000000000000000000000210120241
3410004300006H 010000000000000000                                         00000000000000000000000 00000000000000000000000121012024000000000002411000000000000000                                                                                
3410004300007G 01341969602000036518310900002648887459984380002014021473000422INTERCAMBIO PECAS E SERV LTDA 21012024000000000365183000000000000000090001062-01     087452          10122122023000000000000438 00000000000000000000000000210120241
3410004300008H 010000000000000000                                         00000000000000000000000 00000000000000000000000121012024000000000007304000000000000000                                                                                
3410004300009G 01341929602000007081610900002653887459984380002014021473000422INTERCAMBIO PECAS E SERV LTDA 21012024000000000070816000000000000000090001211-01     087452          10122122023000000000000085 00000000000000000000000000210120241
3410004300010H 010000000000000000                                         00000000000000000000000 00000000000000000000000121012024000000000001416000000000000000                                                                                
3410004300011G 01341979602000058333510970562970087450122060002014021473000180INTERCAMBIO PECAS S EIRELI    21012024000000000583335000000000000000090016034-01     087452          10122122023000000000000700 00000000000000000000000000210120241
3410004300012H 010000000000000000                                         00000000000000000000000 00000000000000000000000121012024000000000011667000000000000000                                                                                
3410004300013G 01341989603000009256010900003438076484364390002061591459000525DE NIGRIS DIST VEICULOS LTDA  2201202400000000009256000000000000000009FA07596901     076489          10122122023000000000000216 00000000000000000000000000220120241
3410004300014H 010000000000000000                                         00000000000000000000000 00000000000000000000000 00000000000000000000000000000000000000                                                                                
3410004300015G 01341959603000007583910900003443076484364390002061591459000525DE NIGRIS DIST VEICULOS LTDA  2201202400000000007583900000000000000009FA07596801     076489          10122122023000000000000177 00000000000000000000000000220120241
3410004300016H 010000000000000000                                         00000000000000000000000 00000000000000000000000 00000000000000000000000000000000000000                                                                                
3410004300017G 01341949603000003836310900003599976484419590002061591459000606DE NIGRIS DIST VEICULOS LTDA  2201202400000000003836300000000000000009FA13751401     076489          10122122023000000000000090 00000000000000000000000000220120241
3410004300018H 010000000000000000                                         00000000000000000000000 00000000000000000000000 00000000000000000000000000000000000000                                                                                
3410004300019G 01341969603000002329610900003600576484419590002061591459000606DE NIGRIS DIST VEICULOS LTDA  2201202400000000002329600000000000000009FA13751501     076489          10122122023000000000000054 00000000000000000000000000220120241
3410004300020H 010000000000000000                                         00000000000000000000000 00000000000000000000000 00000000000000000000000000000000000000                                                                                
3410004300021G 01341929631000009256010900003439876484364390002061591459000525DE NIGRIS DIST VEICULOS LTDA  1902202400000000009256000000000000000009FA07596902     076489          10122122023000000000000216 00000000000000000000000000190220241
3410004300022H 010000000000000000                                         00000000000000000000000 00000000000000000000000 00000000000000000000000000000000000000                                                                                
3410004300023G 01341919631000007583910900003444876484364390002061591459000525DE NIGRIS DIST VEICULOS LTDA  1902202400000000007583900000000000000009FA07596802     076489          10122122023000000000000177 00000000000000000000000000190220241
3410004300024H 010000000000000000                                         00000000000000000000000 00000000000000000000000 00000000000000000000000000000000000000                                                                                
3410004300025G 01341979632000034750410900002639787459984380002014021473000422INTERCAMBIO PECAS E SERV LTDA 20022024000000000347504000000000000000090001060-02     087452          10122122023000000000000417 00000000000000000000000000200220241
3410004300026H 010000000000000000                                         00000000000000000000000 00000000000000000000000120022024000000000006950000000000000000                                                                                
3410004300027G 01341939632000012055010900002644787459984380002014021473000422INTERCAMBIO PECAS E SERV LTDA 20022024000000000120550000000000000000090001209-02     087452          10122122023000000000000145 00000000000000000000000000200220241
3410004300028H 010000000000000000                                         00000000000000000000000 00000000000000000000000120022024000000000002411000000000000000                                                                                
3410004300029G 01341959632000036518310900002649687459984380002014021473000422INTERCAMBIO PECAS E SERV LTDA 20022024000000000365183000000000000000090001062-02     087452          10122122023000000000000438 00000000000000000000000000200220241
3410004300030H 010000000000000000                                         00000000000000000000000 00000000000000000000000120022024000000000007304000000000000000                                                                                
3410004300031G 01341919632000007081610900002654687459984380002014021473000422INTERCAMBIO PECAS E SERV LTDA 20022024000000000070816000000000000000090001211-02     087452          10122122023000000000000085 00000000000000000000000000200220241
3410004300032H 010000000000000000                                         00000000000000000000000 00000000000000000000000120022024000000000001416000000000000000                                                                                
3410004300033G 01341929632000058333510970562971887450122060002014021473000180INTERCAMBIO PECAS S EIRELI    20022024000000000583335000000000000000090016034-02     087452          10122122023000000000000700 00000000000000000000000000200220241
3410004300034H 010000000000000000                                         00000000000000000000000 00000000000000000000000120022024000000000011667000000000000000                                                                                
3410004300035G 01341969661000009256010900003440676484364390002061591459000525DE NIGRIS DIST VEICULOS LTDA  2003202400000000009256000000000000000009FA07596903     076489          10122122023000000000000216 00000000000000000000000000200320241
3410004300036H 010000000000000000                                         00000000000000000000000 00000000000000000000000 00000000000000000000000000000000000000                                                                                
3410004300037G 01341919662000034750410900002640587459984380002014021473000422INTERCAMBIO PECAS E SERV LTDA 21032024000000000347504000000000000000090001060-03     087452          10122122023000000000000417 00000000000000000000000000210320241
3410004300038H 010000000000000000                                         00000000000000000000000 00000000000000000000000121032024000000000006950000000000000000                                                                                
3410004300039G 01341999662000012055010900002645487459984380002014021473000422INTERCAMBIO PECAS E SERV LTDA 21032024000000000120550000000000000000090001209-03     087452          10122122023000000000000145 00000000000000000000000000210320241
3410004300040H 010000000000000000                                         00000000000000000000000 00000000000000000000000121032024000000000002411000000000000000                                                                                
3410004300041G 01341999662000036518310900002650487459984380002014021473000422INTERCAMBIO PECAS E SERV LTDA 21032024000000000365183000000000000000090001062-03     087452          10122122023000000000000438 00000000000000000000000000210320241
3410004300042H 010000000000000000                                         00000000000000000000000 00000000000000000000000121032024000000000007304000000000000000                                                                                
3410004300043G 01341979662000007081610900002655387459984380002014021473000422INTERCAMBIO PECAS E SERV LTDA 21032024000000000070816000000000000000090001211-03     087452          10122122023000000000000085 00000000000000000000000000210320241
3410004300044H 010000000000000000                                         00000000000000000000000 00000000000000000000000121032024000000000001416000000000000000                                                                                
3410004300045G 01341919662000058333510970562972687450122060002014021473000180INTERCAMBIO PECAS S EIRELI    21032024000000000583335000000000000000090016034-03     087452          10122122023000000000000700 00000000000000000000000000210320241
3410004300046H 010000000000000000                                         00000000000000000000000 00000000000000000000000121032024000000000011667000000000000000                                                                                
3410004300047G 01341959691000009256010900003441476484364390002061591459000525DE NIGRIS DIST VEICULOS LTDA  1904202400000000009256000000000000000009FA07596904     076489          10122122023000000000000216 00000000000000000000000000190420241
3410004300048H 010000000000000000                                         00000000000000000000000 00000000000000000000000 00000000000000000000000000000000000000                                                                                
3410004300049G 01341919692000034750410900002641387459984380002014021473000422INTERCAMBIO PECAS E SERV LTDA 20042024000000000347504000000000000000090001060-04     087452          10122122023000000000000417 00000000000000000000000000200420241
3410004300050H 010000000000000000                                         00000000000000000000000 00000000000000000000000120042024000000000006950000000000000000                                                                                
3410004300051G 01341989692000012055010900002646287459984380002014021473000422INTERCAMBIO PECAS E SERV LTDA 20042024000000000120550000000000000000090001209-04     087452          10122122023000000000000145 00000000000000000000000000200420241
3410004300052H 010000000000000000                                         00000000000000000000000 00000000000000000000000120042024000000000002411000000000000000                                                                                
3410004300053G 01341989692000036518310900002651287459984380002014021473000422INTERCAMBIO PECAS E SERV LTDA 20042024000000000365183000000000000000090001062-04     087452          10122122023000000000000438 00000000000000000000000000200420241
3410004300054H 010000000000000000                                         00000000000000000000000 00000000000000000000000120042024000000000007304000000000000000                                                                                
3410004300055G 01341969692000007081610900002656187459984380002014021473000422INTERCAMBIO PECAS E SERV LTDA 20042024000000000070816000000000000000090001211-04     087452          10122122023000000000000085 00000000000000000000000000200420241
3410004300056H 010000000000000000                                         00000000000000000000000 00000000000000000000000120042024000000000001416000000000000000                                                                                
3410004300057G 01341919692000058333510970562973487450122060002014021473000180INTERCAMBIO PECAS S EIRELI    20042024000000000583335000000000000000090016034-04     087452          10122122023000000000000700 00000000000000000000000000200420241
3410004300058H 010000000000000000                                         00000000000000000000000 00000000000000000000000120042024000000000011667000000000000000                                                                                
3410004300059G 01341929722000009256210900003442276484364390002061591459000525DE NIGRIS DIST VEICULOS LTDA  2005202400000000009256200000000000000009FA07596905     076489          10122122023000000000000216 00000000000000000000000000200520241
3410004300060H 010000000000000000                                         00000000000000000000000 00000000000000000000000 00000000000000000000000000000000000000                                                                                
3410004300061G 01341979722000034750410900002642187459984380002014021473000422INTERCAMBIO PECAS E SERV LTDA 20052024000000000347504000000000000000090001060-05     087452          10122122023000000000000417 00000000000000000000000000200520241
3410004300062H 010000000000000000                                         00000000000000000000000 00000000000000000000000120052024000000000006950000000000000000                                                                                
3410004300063G 01341959722000012055010900002647087459984380002014021473000422INTERCAMBIO PECAS E SERV LTDA 20052024000000000120550000000000000000090001209-05     087452          10122122023000000000000145 00000000000000000000000000200520241
3410004300064H 010000000000000000                                         00000000000000000000000 00000000000000000000000120052024000000000002411000000000000000                                                                                
3410004300065G 01341919722000036518510900002652087459984380002014021473000422INTERCAMBIO PECAS E SERV LTDA 20052024000000000365185000000000000000090001062-05     087452          10122122023000000000000438 00000000000000000000000000200520241
3410004300066H 010000000000000000                                         00000000000000000000000 00000000000000000000000120052024000000000007304000000000000000                                                                                
3410004300067G 01341919722000007081910900002657987459984380002014021473000422INTERCAMBIO PECAS E SERV LTDA 20052024000000000070819000000000000000090001211-05     087452          10122122023000000000000085 00000000000000000000000000200520241
3410004300068H 010000000000000000                                         00000000000000000000000 00000000000000000000000120052024000000000001416000000000000000                                                                                
3410004300069G 01341989722000058333510970562974287450122060002014021473000180INTERCAMBIO PECAS S EIRELI    20052024000000000583335000000000000000090016034-05     087452          10122122023000000000000700 00000000000000000000000000200520241
3410004300070H 010000000000000000                                         00000000000000000000000 00000000000000000000000120052024000000000011667000000000000000                                                                                
3410004300071G 01341999752000058333910970562975987450122060002014021473000180INTERCAMBIO PECAS S EIRELI    19062024000000000583339000000000000000090016034-06     087452          10122122023000000000000700 00000000000000000000000000190620241
3410004300072H 010000000000000000                                         00000000000000000000000 00000000000000000000000119062024000000000011667000000000000000                                                                                
34100045         000074000000000008775480000000000000000000                                                                                                                                                                                     
34100051I0300022 2015665528001200                    00000 000000000000  CARGO POLO C L T EIRELI                                                                                                                                                
3410005300001G 31341989578000006300015700045358937305857530002032720081000190PR TRUCKS S E E E LTDA        28122023000000000063000000000000000000095310/3514      037309          10806122023000000000000018 00000000000000000000000000281220231
3410005300002H 310000000000000000                                         00000000000000000000000 00000000000000000000000128122023000000000001260000000000000000                                                                                
3410005300003G 01341919579000000421610900104901288920073060002004669397000160PEREIRA LUZ SIM TELEG LTDA    2912202300000000000421600000000000000009565657         088922          10122122023000000000000014 00000000000000000000000000291220231
3410005300004H 010000000000000000                                         00000000000000000000000 00000000000000000000000 00000000000000000000000000000000000000                                                                                
3410005300005G 01341919584000002730010900104902088920073060002004669397000160PEREIRA LUZ SIM TELEG LTDA    0301202400000000002730000000000000000009565987         088922          10122122023000000000000091 00000000000000000000000000030120241
3410005300006H 010000000000000000                                         00000000000000000000000 00000000000000000000000 00000000000000000000000000000000000000                                                                                
3410005300007G 01341949584000006236210900104905388920073060002004669397000160PEREIRA LUZ SIM TELEG LTDA    0301202400000000006236200000000000000009565990         088922          10122122023000000000000208 00000000000000000000000000030120241
3410005300008H 010000000000000000                                         00000000000000000000000 00000000000000000000000 00000000000000000000000000000000000000                                                                                
3410005300009G 01341979584000008425010900104908788920073060002004669397000160PEREIRA LUZ SIM TELEG LTDA    0301202400000000008425000000000000000009565993         088922          10122122023000000000000281 00000000000000000000000000030120241
3410005300010H 010000000000000000                                         00000000000000000000000 00000000000000000000000 00000000000000000000000000000000000000                                                                                
3410005300011G 01341969584000002688110900104912988920073060002004669397000160PEREIRA LUZ SIM TELEG LTDA    0301202400000000002688100000000000000009565997         088922          10122122023000000000000090 00000000000000000000000000030120241
3410005300012H 010000000000000000                                         00000000000000000000000 00000000000000000000000 00000000000000000000000000000000000000                                                                                
3410005300013G 01341949584000006049810900104913788920073060002004669397000160PEREIRA LUZ SIM TELEG LTDA    0301202400000000006049800000000000000009565998         088922          10122122023000000000000202 00000000000000000000000000030120241
3410005300014H 010000000000000000                                         00000000000000000000000 00000000000000000000000 00000000000000000000000000000000000000                                                                                
3410005300015G 01341919585000002440010900104916088920073060002004669397000160PEREIRA LUZ SIM TELEG LTDA    0401202400000000002440000000000000000009566271         088922          10122122023000000000000081 00000000000000000000000000040120241
3410005300016H 010000000000000000                                         00000000000000000000000 00000000000000000000000 00000000000000000000000000000000000000                                                                                
3410005300017G 01341939585000006898210900104918688920073060002004669397000160PEREIRA LUZ SIM TELEG LTDA    0401202400000000006898200000000000000009566273         088922          10122122023000000000000230 00000000000000000000000000040120241
3410005300018H 010000000000000000                                         00000000000000000000000 00000000000000000000000 00000000000000000000000000000000000000                                                                                
3410005300019G 01341919585000001824510900104926988920073060002004669397000160PEREIRA LUZ SIM TELEG LTDA    0401202400000000001824500000000000000009566277         088922          10122122023000000000000061 00000000000000000000000000040120241
3410005300020H 010000000000000000                                         00000000000000000000000 00000000000000000000000 00000000000000000000000000000000000000                                                                                
3410005300021G 01341959585000001073810900104931988920073060002004669397000160PEREIRA LUZ SIM TELEG LTDA    0401202400000000001073800000000000000009566279         088922          10122122023000000000000036 00000000000000000000000000040120241
3410005300022H 010000000000000000                                         00000000000000000000000 00000000000000000000000 00000000000000000000000000000000000000                                                                                
3410005300023G 01341949585000003979010900104933588920073060002004669397000160PEREIRA LUZ SIM TELEG LTDA    0401202400000000003979000000000000000009566281         088922          10122122023000000000000133 00000000000000000000000000040120241
3410005300024H 010000000000000000                                         00000000000000000000000 00000000000000000000000 00000000000000000000000000000000000000                                                                                
3410005300025G 01341969585000003021310900104936888920073060002004669397000160PEREIRA LUZ SIM TELEG LTDA    0401202400000000003021300000000000000009566287         088922          10122122023000000000000101 00000000000000000000000000040120241
3410005300026H 010000000000000000                                         00000000000000000000000 00000000000000000000000 00000000000000000000000000000000000000                                                                                
3410005300027G 01341919585000001602610900104940088920073060002004669397000160PEREIRA LUZ SIM TELEG LTDA    0401202400000000001602600000000000000009566290         088922          10122122023000000000000053 00000000000000000000000000040120241
3410005300028H 010000000000000000                                         00000000000000000000000 00000000000000000000000 00000000000000000000000000000000000000                                                                                
3410005300029G 01341929586000016853010900104942688920073060002004669397000160PEREIRA LUZ SIM TELEG LTDA    0501202400000000016853000000000000000009566359         088922          10122122023000000000000562 00000000000000000000000000050120241
3410005300030H 010000000000000000                                         00000000000000000000000 00000000000000000000000 00000000000000000000000000000000000000                                                                                
3410005300031G 01341919602000001288410903148452629382531490002045987005000198COML AUTOMOTIVA S/A           2101202400000000001288400000000000000009032769002      029389          10122122023000000000000025 00000000000000000000000000210120241
3410005300032H 010000000000000000                                         00000000000000000000000 00000000000000000000000122012024000000000000257000000000000000                                                                                
3410005300033G 01341939602000003168310903148460929382531490002045987005000198COML AUTOMOTIVA S/A           2101202400000000003168300000000000000009032770002      029389          10122122023000000000000062 00000000000000000000000000210120241
3410005300034H 010000000000000000                                         00000000000000000000000 00000000000000000000000122012024000000000000633000000000000000                                                                                
3410005300035G 01341929612000002710010900104903888920073060002004669397000160PEREIRA LUZ SIM TELEG LTDA    3101202400000000002710000000000000000009565988         088922          10122122023000000000000090 00000000000000000000000000310120241
3410005300036H 010000000000000000                                         00000000000000000000000 00000000000000000000000 00000000000000000000000000000000000000                                                                                
3410005300037G 01341989612000006230010900104906188920073060002004669397000160PEREIRA LUZ SIM TELEG LTDA    3101202400000000006230000000000000000009565991         088922          10122122023000000000000208 00000000000000000000000000310120241
3410005300038H 010000000000000000                                         00000000000000000000000 00000000000000000000000 00000000000000000000000000000000000000                                                                                
3410005300039G 01341959612000008390010900104909588920073060002004669397000160PEREIRA LUZ SIM TELEG LTDA    3101202400000000008390000000000000000009565994         088922          10122122023000000000000280 00000000000000000000000000310120241
3410005300040H 010000000000000000                                         00000000000000000000000 00000000000000000000000 00000000000000000000000000000000000000                                                                                
3410005300041G 01341949612000006020010900104914588920073060002004669397000160PEREIRA LUZ SIM TELEG LTDA    3101202400000000006020000000000000000009565999         088922          10122122023000000000000201 00000000000000000000000000310120241
3410005300042H 010000000000000000                                         00000000000000000000000 00000000000000000000000 00000000000000000000000000000000000000                                                                                
3410005300043G 01341989613000002430010900104917888920073060002004669397000160PEREIRA LUZ SIM TELEG LTDA    0102202400000000002430000000000000000009566272         088922          10122122023000000000000081 00000000000000000000000000010220241
3410005300044H 010000000000000000                                         00000000000000000000000 00000000000000000000000 00000000000000000000000000000000000000                                                                                
3410005300045G 01341989613000006860010900104919488920073060002004669397000160PEREIRA LUZ SIM TELEG LTDA    0102202400000000006860000000000000000009566274         088922          10122122023000000000000229 00000000000000000000000000010220241
3410005300046H 010000000000000000                                         00000000000000000000000 00000000000000000000000 00000000000000000000000000000000000000                                                                                
3410005300047G 01341919613000001810010900104927788920073060002004669397000160PEREIRA LUZ SIM TELEG LTDA    0102202400000000001810000000000000000009566278         088922          10122122023000000000000060 00000000000000000000000000010220241
3410005300048H 010000000000000000                                         00000000000000000000000 00000000000000000000000 00000000000000000000000000000000000000                                                                                
3410005300049G 01341949613000001070010900104932788920073060002004669397000160PEREIRA LUZ SIM TELEG LTDA    0102202400000000001070000000000000000009566280         088922          10122122023000000000000036 00000000000000000000000000010220241
3410005300050H 010000000000000000                                         00000000000000000000000 00000000000000000000000 00000000000000000000000000000000000000                                                                                
3410005300051G 01341939613000003970010900104934388920073060002004669397000160PEREIRA LUZ SIM TELEG LTDA    0102202400000000003970000000000000000009566282         088922          10122122023000000000000132 00000000000000000000000000010220241
3410005300052H 010000000000000000                                         00000000000000000000000 00000000000000000000000 00000000000000000000000000000000000000                                                                                
3410005300053G 01341949613000003020010900104937688920073060002004669397000160PEREIRA LUZ SIM TELEG LTDA    0102202400000000003020000000000000000009566288         088922          10122122023000000000000101 00000000000000000000000000010220241
3410005300054H 010000000000000000                                         00000000000000000000000 00000000000000000000000 00000000000000000000000000000000000000                                                                                
3410005300055G 01341969613000001600010900104941888920073060002004669397000160PEREIRA LUZ SIM TELEG LTDA    0102202400000000001600000000000000000009566291         088922          10122122023000000000000053 00000000000000000000000000010220241
3410005300056H 010000000000000000                                         00000000000000000000000 00000000000000000000000 00000000000000000000000000000000000000                                                                                
3410005300057G 01341999614000016830010900104943488920073060002004669397000160PEREIRA LUZ SIM TELEG LTDA    0202202400000000016830000000000000000009566360         088922          10122122023000000000000561 00000000000000000000000000020220241
3410005300058H 010000000000000000                                         00000000000000000000000 00000000000000000000000 00000000000000000000000000000000000000                                                                                
3410005300059G 01341999633000001288310903148453429382531490002045987005000198COML AUTOMOTIVA S/A           2102202400000000001288300000000000000009032769003      029389          10122122023000000000000025 00000000000000000000000000210220241
3410005300060H 010000000000000000                                         00000000000000000000000 00000000000000000000000122022024000000000000257000000000000000                                                                                
3410005300061G 01341979633000003168210903148481529382531490002045987005000198COML AUTOMOTIVA S/A           2102202400000000003168200000000000000009032770003      029389          10122122023000000000000062 00000000000000000000000000210220241
3410005300062H 010000000000000000                                         00000000000000000000000 00000000000000000000000122022024000000000000633000000000000000                                                                                
3410005300063G 01341919640000002710010900104904688920073060002004669397000160PEREIRA LUZ SIM TELEG LTDA    2802202400000000002710000000000000000009565989         088922          10122122023000000000000090 00000000000000000000000000280220241
3410005300064H 010000000000000000                                         00000000000000000000000 00000000000000000000000 00000000000000000000000000000000000000                                                                                
3410005300065G 01341929640000006230010900104907988920073060002004669397000160PEREIRA LUZ SIM TELEG LTDA    2802202400000000006230000000000000000009565992         088922          10122122023000000000000208 00000000000000000000000000280220241
3410005300066H 010000000000000000                                         00000000000000000000000 00000000000000000000000 00000000000000000000000000000000000000                                                                                
3410005300067G 01341989640000008390010900104910388920073060002004669397000160PEREIRA LUZ SIM TELEG LTDA    2802202400000000008390000000000000000009565995         088922          10122122023000000000000280 00000000000000000000000000280220241
3410005300068H 010000000000000000                                         00000000000000000000000 00000000000000000000000 00000000000000000000000000000000000000                                                                                
3410005300069G 01341999640000006020010900104915288920073060002004669397000160PEREIRA LUZ SIM TELEG LTDA    2802202400000000006020000000000000000009566000         088922          10122122023000000000000201 00000000000000000000000000280220241
3410005300070H 010000000000000000                                         00000000000000000000000 00000000000000000000000 00000000000000000000000000000000000000                                                                                
3410005300071G 01341919641000006860010900104920288920073060002004669397000160PEREIRA LUZ SIM TELEG LTDA    2902202400000000006860000000000000000009566275         088922          10122122023000000000000229 00000000000000000000000000290220241
3410005300072H 010000000000000000                                         00000000000000000000000 00000000000000000000000 00000000000000000000000000000000000000                                                                                
3410005300073G 01341929641000003020010900104938488920073060002004669397000160PEREIRA LUZ SIM TELEG LTDA    2902202400000000003020000000000000000009566289         088922          10122122023000000000000101 00000000000000000000000000290220241
3410005300074H 010000000000000000                                         00000000000000000000000 00000000000000000000000 00000000000000000000000000000000000000                                                                                
3410005300075G 01341979642000016830010900104944288920073060002004669397000160PEREIRA LUZ SIM TELEG LTDA    0103202400000000016830000000000000000009566361         088922          10122122023000000000000561 00000000000000000000000000010320241
3410005300076H 010000000000000000                                         00000000000000000000000 00000000000000000000000 00000000000000000000000000000000000000                                                                                
3410005300077G 01341969668000008390010900104911188920073060002004669397000160PEREIRA LUZ SIM TELEG LTDA    2703202400000000008390000000000000000009565996         088922          10122122023000000000000280 00000000000000000000000000270320241
3410005300078H 010000000000000000                                         00000000000000000000000 00000000000000000000000 00000000000000000000000000000000000000                                                                                
3410005300079G 01341999669000006860010900104921088920073060002004669397000160PEREIRA LUZ SIM TELEG LTDA    2803202400000000006860000000000000000009566276         088922          10122122023000000000000229 00000000000000000000000000280320241
3410005300080H 010000000000000000                                         00000000000000000000000 00000000000000000000000 00000000000000000000000000000000000000                                                                                
3410005300081G 01341989670000016830010900104945988920073060002004669397000160PEREIRA LUZ SIM TELEG LTDA    2903202400000000016830000000000000000009566362         088922          10122122023000000000000561 00000000000000000000000000290320241
3410005300082H 010000000000000000                                         00000000000000000000000 00000000000000000000000 00000000000000000000000000000000000000                                                                                
3410005300083G 01341969698000016830010900104946788920073060002004669397000160PEREIRA LUZ SIM TELEG LTDA    2604202400000000016830000000000000000009566363         088922          10122122023000000000000561 00000000000000000000000000260420241
3410005300084H 010000000000000000                                         00000000000000000000000 00000000000000000000000 00000000000000000000000000000000000000                                                                                
34100055         000086000000000002393663000000000000000000                                                                                                                                                                                     
34199999         000005000394                                                                                                                                                                                                                   
