34100000         228537185000197                    00000 000000000000  BS LOGISTICA SA               BANCO ITAU S.A.                         228122023050814000017084                                                                          
34100011I0300022 2028537185000197                    00000 000000000000  BS LOGISTICA SA                                                                                                                                                        
3410001300001G 01341949584000008433610905012004903680165980002051195790000149PERIM COM DE AUTO PECAS LTDA  0301202400000000008433600000000000000009180583-1       003681          10127122023000000000000225 00000000000000000000000000030120241
3410001300002H 010000000000000000                                         00000000000000000000000 00000000000000000000000103012024000000000001686000000000000000                                                                                
3410001300003G 01341919584000001798810905012027003680165980002051195790000149PERIM COM DE AUTO PECAS LTDA  0301202400000000001798800000000000000009180604-1       003681          10127122023000000000000048 00000000000000000000000000030120241
3410001300004H 010000000000000000                                         00000000000000000000000 00000000000000000000000103012024000000000000359000000000000000                                                                                
3410001300005G 01341919584000014977510905012040303680165980002051195790000149PERIM COM DE AUTO PECAS LTDA  0301202400000000014977500000000000000009180610-1       003681          10127122023000000000000399 00000000000000000000000000030120241
3410001300006H 010000000000000000                                         00000000000000000000000 00000000000000000000000103012024000000000002995000000000000000                                                                                
34100015         000008000000000000252099000000000000000000                                                                                                                                                                                     
34199999         000001000010                                                                                                                                                                                                                   
