34100000         215665528000157                    00000 000000000000  CARGO POLO C L T EIRELI       BANCO ITAU S.A.                         228122023041917000018084                                                                          
34100011I0300022 2015665528000157                    00000 000000000000  CARGO POLO C L T EIRELI                                                                                                                                                
3410001300001G 02237919514000003359005240913329102801004173902003485319000142SANTABIER                     2510202300000000003359000000000000000009S000002486     000000          10219102023000000000000000 00000000000000000000000000241220235
3410001300002H 020000000000000000                                         00000000000000000000000 00000000000000000000000301010001000000000000000000000000000000                                                                                
3410001300003G 02237999515000015271605240913329102805004173902003485319000142SANTABIER                     2610202300000000015271600000000000000009S000002490     000000          10219102023000000000000000 00000000000000000000000000251220235
3410001300004H 020000000000000000                                         00000000000000000000000 00000000000000000000000301010001000000000000000000000000000000                                                                                
3410001300005G 02033919547000000360099410589900000027211501012002584924004529ICH ADMINISTRACAO DE HOTEIS LT271120230000000000036000000000000000000975394 2NE      000000          10210112023000000000000000 00000000000000000000000000251220235
3410001300006H 020000000000000000                                         00000000000000000000000 00000000000000000000000301010001000000000000000000000000000000                                                                                
3410001300007G 02237989562000022310763490900004225031000277302084911098000129ADEMICON ADM DE CONSORCIO S A 12122023000000000223107000000000000000090411107750     000000          19916112023000000000000000 00000000000000000000000000221220235
3410001300008H 020000000000000000                                         00000000000000000000000 00000000000000000000000301010001000000000000000000000000000000                                                                                
3410001300009G 02237969562000050533763490900004225032000277302084911098000129ADEMICON ADM DE CONSORCIO S A 12122023000000000505337000000000000000090411205730     000000          19916112023000000000000000 00000000000000000000000000221220235
3410001300010H 020000000000000000                                         00000000000000000000000 00000000000000000000000301010001000000000000000000000000000000                                                                                
3410001300011G 02237969562000022310763490900004225029000277302084911098000129ADEMICON ADM DE CONSORCIO S A 12122023000000000223107000000000000000090411104320     000000          19916112023000000000000000 00000000000000000000000000221220235
3410001300012H 020000000000000000                                         00000000000000000000000 00000000000000000000000301010001000000000000000000000000000000                                                                                
3410001300013G 02237919562000022310763490900004225030000277302084911098000129ADEMICON ADM DE CONSORCIO S A 12122023000000000223107000000000000000090411105730     000000          19916112023000000000000000 00000000000000000000000000221220235
3410001300014H 020000000000000000                                         00000000000000000000000 00000000000000000000000301010001000000000000000000000000000000                                                                                
3410001300015G 02237949562000050533763490900004225033000277302084911098000129ADEMICON ADM DE CONSORCIO S A 12122023000000000505337000000000000000090411207750     000000          19916112023000000000000000 00000000000000000000000000221220235
3410001300016H 020000000000000000                                         00000000000000000000000 00000000000000000000000301010001000000000000000000000000000000                                                                                
3410001300017G 02001999569000001952300000029675760028625720172000394494010441MINISTERIO DA JUSTICA . DPTO. 19122023000000000019523000000000000000090000000778     000000          10419122023000000000000000219122023000000000002000000191220235
3410001300018H 020000000000000000                                         00000000000000000000000 00000000000000000000000301010001000000000000000000000000000000                                                                                
3410001300019G 02001989570000009891100000029617590305011909172060984473000100CONSELHO FEDERAL DE FARMACIA  20122023000000000098911000000000000000090000000108     000000          10404122023000000000000000 00000000000000000000000000211220235
3410001300020H 020000000000000000                                         00000000000000000000000 00000000000000000000000301010001000000000000000000000000000000                                                                                
3410001300021G 31341929575003375000010900001555702638598370002014680779000148DE NIGRIS LOCACAO LTDA        2512202300000003375000000000000000000009ND01561701     002634          10823112023000000000011250 00000000000000000000000000251220231
3410001300022H 310000000000000000                                         00000000000000000000000 00000000000000000000000125122023000000003375000000000000000000                                                                                
3410001300023G 02450939576000042010200100009113097980000149202029302348000115GURGELMIX MAQUINAS E FERRAMENT26122023000000000420102000000000000000090979800        000000          19926122023000000000001000 00000000000000000000000000230620243
3410001300024H 022029302348000115GURGELMIX MAQUINAS E FERRAMENT           00000000000000000000000 00000000000000000000000227122023000000000002000000000000000000                                                                                
3410001300025G 02001949577000800000000000033498370000000002172012341170000119ABM GESTAO E SERVICOS LTDA    271220230000000080000000000000000000000960             000000          40406102023000000000000000 00000000000000000000000000161220255
3410001300026H 020000000000000000                                         00000000000000000000000 00000000000000000000000301010001000000000000000000000000000000                                                                                
3410001300027G 01104949578000111698597655309061810400089850582040011095000163XS5 ADMINISTRADORA DE CONSORCI28122023000000001116985000000000000000094025763219     000000          12227122023000000000000000 00000000000000000000000000281220235
3410001300028H 010000000000000000                                         00000000000000000000000 00000000000000000000000301010001000000000000000000000000000000                                                                                
3410001300029G 01237989583000000600016050900009094769001832302011377428000174POSTO REFORCO 6               0201202400000000000600000000000000000009171719         000000          10227122023000000000000005 00000000000000000000000000020320241
3410001300030H 010000000000000000                                         00000000000000000000000 00000000000000000000000301010001000000000000000000000000000000                                                                                
3410001300031G 01033919584000000090099410589900000027768001012002584924004529ICH ADMINISTRACAO DE HOTEIS LT030120240000000000009000000000000000000977057 2NE      000000          10227122023000000000000000 00000000000000000000000000310120245
3410001300032H 010000000000000000                                         00000000000000000000000 00000000000000000000000301010001000000000000000000000000000000                                                                                
3410001300033G 01450919586000043046500100009390100546300149702029302348000115GURGELMIX MAQUINAS E FERRAMENT05012024000000000430465000000000000000091005463        000000          19927122023000000000100000 00000000000000000000000000030720243
3410001300034H 012029302348000115GURGELMIX MAQUINAS E FERRAMENT           00000000000000000000000 00000000000000000000000206012024000000000200000000000000000000                                                                                
3410001300035G 31237949573000011073108530900000008798006658402048401628000125R.B.F DOIS COMERCIO DE PECAS P0501202400000000011073100000000000000009PED-008102     000000          10226102023000000000000365 00000000000000000000000000050320241
3410001300036H 310000000000000000                                         00000000000000000000000 00000000000000000000000206012024000000000000200000000000000000                                                                                
3410001300037G 01341989587000001800010900001745703699925990002035631621000310ANDRADE E MENEZES LTDA        0601202400000000001800000000000000000009000714 01      003699          10127122023000000000000012 00000000000000000000000000060120241
3410001300038H 010000000000000000                                         00000000000000000000000 00000000000000000000000106012024000000000000200000000000000000                                                                                
3410001300039G 02001919589000004747400000028444932200728439172043052497000102DEPARTAMENTO DE ESTRADAS DE RO0801202400000000004747400000000000000009               000000          10427122023000000000000000 00000000000000000000000000080120245
3410001300040H 020000000000000000                                         00000000000000000000000 00000000000000000000000301010001000000000000000000000000000000                                                                                
3410001300041G 01001919589000004747400000028444932200728439172043052497000102DEPARTAMENTO DE ESTRADAS DE RO0801202400000000004747400000000000000009               000000          10427122023000000000000000 00000000000000000000000000080120245
3410001300042H 010000000000000000                                         00000000000000000000000 00000000000000000000000301010001000000000000000000000000000000                                                                                
3410001300043G 01033999590000000360099410589900000027777001012002584924004529ICH ADMINISTRACAO DE HOTEIS LT090120240000000000036000000000000000000977368 2NE      000000          10227122023000000000000000 00000000000000000000000000060220245
3410001300044H 010000000000000000                                         00000000000000000000000 00000000000000000000000301010001000000000000000000000000000000                                                                                
3410001300045G 01033919590000004160099410589900000027775301012002584924004529ICH ADMINISTRACAO DE HOTEIS LT090120240000000000416000000000000000000963575 3NF      000000          10227122023000000000000000 00000000000000000000000000060220245
3410001300046H 010000000000000000                                         00000000000000000000000 00000000000000000000000301010001000000000000000000000000000000                                                                                
3410001300047G 01001919591000009169500000025413010000135656172056012420000142CAFE UTAM S.A.                10012024000000000091695000000000000000091  631753      000000          20227122023000000000000064 00000000000000000000000000090420241
3410001300048H 010000000000000000                                         00000000000000000000000 00000000000000000000000211012024000000000000200000000000000000                                                                                
3410001300049G 01033999591000000540099410589900000027848201012002584924004529ICH ADMINISTRACAO DE HOTEIS LT100120240000000000054000000000000000000977280 2NE      000000          10227122023000000000000000 00000000000000000000000000070220245
3410001300050H 010000000000000000                                         00000000000000000000000 00000000000000000000000301010001000000000000000000000000000000                                                                                
3410001300051G 01033929591000007488099410589900000027821001012002584924004529ICH ADMINISTRACAO DE HOTEIS LT100120240000000000748800000000000000000963470 3NF      000000          10227122023000000000000000 00000000000000000000000000070220245
3410001300052H 010000000000000000                                         00000000000000000000000 00000000000000000000000301010001000000000000000000000000000000                                                                                
3410001300053G 01033929591000005616099410589900000027831801012002584924004529ICH ADMINISTRACAO DE HOTEIS LT100120240000000000561600000000000000000963484 3NF      000000          10227122023000000000000000 00000000000000000000000000070220245
3410001300054H 010000000000000000                                         00000000000000000000000 00000000000000000000000301010001000000000000000000000000000000                                                                                
3410001300055G 01033919591000003744099410589900000027835001012002584924004529ICH ADMINISTRACAO DE HOTEIS LT100120240000000000374400000000000000000963496 3NF      000000          10227122023000000000000000 00000000000000000000000000070220245
3410001300056H 010000000000000000                                         00000000000000000000000 00000000000000000000000301010001000000000000000000000000000000                                                                                
3410001300057G 01033919591000000090099410589900000027851201012002584924004529ICH ADMINISTRACAO DE HOTEIS LT100120240000000000009000000000000000000977294 2NE      000000          10227122023000000000000000 00000000000000000000000000070220245
3410001300058H 010000000000000000                                         00000000000000000000000 00000000000000000000000301010001000000000000000000000000000000                                                                                
3410001300059G 01033929591000000270099410589900000027854701012002584924004529ICH ADMINISTRACAO DE HOTEIS LT100120240000000000027000000000000000000977305 2NE      000000          10227122023000000000000000 00000000000000000000000000070220245
3410001300060H 010000000000000000                                         00000000000000000000000 00000000000000000000000301010001000000000000000000000000000000                                                                                
3410001300061G 01033919591000008103099370188900000038487801012002584924004600ICH ADMINISTRACAO DE HOTEIS S.1001202400000000008103000000000000000009126534 716     000000          10227122023000000000000000 00000000000000000000000000070220245
3410001300062H 010000000000000000                                         00000000000000000000000 00000000000000000000000301010001000000000000000000000000000000                                                                                
3410001300063G 01033979591000007903099370188900000038488601012002584924004600ICH ADMINISTRACAO DE HOTEIS S.1001202400000000007903000000000000000009126535 716     000000          10227122023000000000000000 00000000000000000000000000070220245
3410001300064H 010000000000000000                                         00000000000000000000000 00000000000000000000000301010001000000000000000000000000000000                                                                                
3410001300065G 01341979591000005999815700004144329385241190002040611207000117LP HOTEIS LTDA                100120240000000000599980000000000000000923915          029389          10127122023000000000000000 0000000000000000000000000010012024 
3410001300066H 010000000000000000                                         00000000000000000000000 00000000000000000000000 00000000000000000000000000000000000000                                                                                
3410001300067G 01033969591000191588593651720205592974356101012062550256000120NOTRE DAME INTERMEDICA MINAS G10012024000000001915885000000000000000091600358955     000000          10227122023000000000000350 00000000000000000000000000100420243
3410001300068H 012062550256000120NDI MG SAUDE S.A                         00000000000000000000000 00000000000000000000000111012024000000000038318000000000000000                                                                                
3410001300069G 01403939592000010501000000153730310069297294012037880206000163CORA SCD SA                   1101202400000000010501000000000000000009               000000          10427122023000000000000100 00000000000000000000000000100420243
3410001300070H 012015373031000165NETOCAR AUTO ELETRICA                    00000000000000000000000 00000000000000000000000212012024000000000000200000000000000000                                                                                
3410001300071G 01756959592000004800013191010241555000352080012020465798000154SYG LOG SERVICOS EMPRESARIAIS 1101202400000000004800000000000000000009CTE 13922      000000          10327122023000000000000000 00000000000000000000000000080720245
3410001300072H 010000000000000000                                         00000000000000000000000 00000000000000000000000301010001000000000000000000000000000000                                                                                
3410001300073G 01756989592000006400013191010241555000351900012020465798000154SYG LOG SERVICOS EMPRESARIAIS 1101202400000000006400000000000000000009CTE 13918      000000          10327122023000000000000000 00000000000000000000000000080720245
3410001300074H 010000000000000000                                         00000000000000000000000 00000000000000000000000301010001000000000000000000000000000000                                                                                
3410001300075G 01756929593000001610013261010067903001955300012004856229000183CEBOLAO EQUIPAMENTOS RODOVIARI1201202400000000001610000000000000000009197025/01E     000000          10227122023000000000000017 00000000000000000000000000241220333
3410001300076H 010000000000000000                                         00000000000000000000000 00000000000000000000000301010001000000000000000000000000000000                                                                                
3410001300077G 01341919593000004695510900000889307100834860002023083064000107E-MATRIZ LOCADORA VEICULOSLTDA12012024000000000046955000000000000000093058           007104          11027122023000000000000016 00000000000000000000000000120120241
3410001300078H 010000000000000000                                         00000000000000000000000 00000000000000000000000112012024000000000000939000000000000000                                                                                
3410001300079G 01341949595000004300010900001753103699925990002035631621000310ANDRADE E MENEZES LTDA        1401202400000000004300000000000000000009000730 01      003699          10127122023000000000000029 00000000000000000000000000140120241
3410001300080H 010000000000000000                                         00000000000000000000000 00000000000000000000000114012024000000000000200000000000000000                                                                                
3410001300081G 01756919596000011200013191010241555000352150012020465798000154SYG LOG SERVICOS EMPRESARIAIS 1501202400000000011200000000000000000009CTE 13923      000000          10327122023000000000000000 00000000000000000000000000120720245
3410001300082H 010000000000000000                                         00000000000000000000000 00000000000000000000000301010001000000000000000000000000000000                                                                                
3410001300083G 01341919596000085248410900019178285763158430002003831403000170TRANSMARONI TRANSP BR ROD LT  1501202400000000085248400000000000000009396530         085761          10127122023000000000000710 00000000000000000000000000150120241
3410001300084H 010000000000000000                                         00000000000000000000000 00000000000000000000000115012024000000000017049000000000000000                                                                                
3410001300085G 01422979596000007332671450000585124500003107922002803735000260VISARI AUTO PECAS LTDA        15012024000000000073326000000000000000090039314/01     000000          10227122023000000000000146 00000000000000000000000000140420241
3410001300086H 010000000000000000                                         00000000000000000000000 00000000000000000000000301010001000000000000000000000000000000                                                                                
3410001300087G 01033939597000003744099410589900000027888101012002584924004529ICH ADMINISTRACAO DE HOTEIS LT160120240000000000374400000000000000000963928 3NF      000000          10227122023000000000000000 00000000000000000000000000130220245
3410001300088H 010000000000000000                                         00000000000000000000000 00000000000000000000000301010001000000000000000000000000000000                                                                                
3410001300089G 01033989597000000090099410589900000027908001012002584924004529ICH ADMINISTRACAO DE HOTEIS LT160120240000000000009000000000000000000977614 2NE      000000          10227122023000000000000000 00000000000000000000000000130220245
3410001300090H 010000000000000000                                         00000000000000000000000 00000000000000000000000301010001000000000000000000000000000000                                                                                
3410001300091G 01033999597000000180099410589900000027905501012002584924004529ICH ADMINISTRACAO DE HOTEIS LT160120240000000000018000000000000000000977596 2NE      000000          10227122023000000000000000 00000000000000000000000000130220245
3410001300092H 010000000000000000                                         00000000000000000000000 00000000000000000000000301010001000000000000000000000000000000                                                                                
3410001300093G 01033989597000007488099410589900000027893801012002584924004529ICH ADMINISTRACAO DE HOTEIS LT160120240000000000748800000000000000000963949 3NF      000000          10227122023000000000000000 00000000000000000000000000130220245
3410001300094H 010000000000000000                                         00000000000000000000000 00000000000000000000000301010001000000000000000000000000000000                                                                                
3410001300095G 01341919597000710458010905547403629380663270002033337122000127IPIRANGA PRODS DE PETROLEO    16012024000000007104580000000000000000090000295641     029389          10127122023000000000026050 00000000000000000000000000160120241
3410001300096H 010000000000000000                                         00000000000000000000000 00000000000000000000000 00000000000000000000000000000000000000                                                                                
3410001300097G 01001939597000003300000000030300390000000914172027909384000116J E SERVICOS DE MANUTENCAO LTD160120240000000000330000000000000000000922231700       000000          10227122023000000000000200 00000000000000000000000000150220243
3410001300098H 010000000000000000                                         00000000000000000000000 00000000000000000000000218012024000000000000350000000000000000                                                                                
3410001300099G 01756929597000004000013191010241555000352220012020465798000154SYG LOG SERVICOS EMPRESARIAIS 1601202400000000004000000000000000000009CTE 13940      000000          10327122023000000000000000 00000000000000000000000000130720245
3410001300100H 010000000000000000                                         00000000000000000000000 00000000000000000000000301010001000000000000000000000000000000                                                                                
3410001300101G 01033999598000001301692392860000000377893001012007976147000160MOVIDA LOCACAO DE VEICULOS S A17012024000000000013016000000000000000090154580746     000000          10227122023000000000000100 00000000000000000000000000150220243
3410001300102H 010000000000000000                                         00000000000000000000000 00000000000000000000000118012024000000000000260000000000000000                                                                                
3410001300103G 01033989598000001301692392860000000377893201012007976147000160MOVIDA LOCACAO DE VEICULOS S A17012024000000000013016000000000000000090154580748     000000          10227122023000000000000100 00000000000000000000000000150220243
3410001300104H 010000000000000000                                         00000000000000000000000 00000000000000000000000118012024000000000000260000000000000000                                                                                
3410001300105G 01237959599000007788203890910000004883000222602012268249000161ALAGOAS DIESEL S A            18012024000000000077882000000000000000091704 001       000000          10227122023000000000000026 00000000000000000000000000180320241
3410001300106H 010000000000000000                                         00000000000000000000000 00000000000000000000000219012024000000000000200000000000000000                                                                                
3410001300107G 01341979603007214059910930247064229383809340002025265787000144INTEGRA FROTAS LTDA           22012024000000072140599000000000000000090000093785     029389          10127122023000000000024047 00000000000000000000000000220120241
3410001300108H 010000000000000000                                         00000000000000000000000 00000000000000000000000122012024000000001442812000000000000000                                                                                
3410001300109G 01341919605000005989010900005116007070810060002022696723000100POSTO DE MOLAS CACAPAVA LTDA  24012024000000000059890000000000000000093674/1         007070          10127122023000000000000120 00000000000000000000000000240120241
3410001300110H 010000000000000000                                         00000000000000000000000 00000000000000000000000124012024000000000001198000000000000000                                                                                
3410001300111G 01341989606000006200010904018426012480490560002001836398000163BANCO DAYCOVAL SA             2501202400000000006200000000000000000009043472/1       012484          10127122023000000000000248 00000000000000000000000000250120241
3410001300112H 012001836398000163GM IND PEC SERV E MANUTENCOES            00000000000000000000000 00000000000000000000000 00000000000000000000000000000000000000                                                                                
3410001300113G 01341979606000001041310900000880207100834860002023083064000107E-MATRIZ LOCADORA VEICULOSLTDA25012024000000000010413000000000000000092238           007104          11027122023000000000000003 00000000000000000000000000250120241
3410001300114H 010000000000000000                                         00000000000000000000000 00000000000000000000000125012024000000000000208000000000000000                                                                                
3410001300115G 01033969606000010442192392860000000377595401012007976147000160MOVIDA LOCACAO DE VEICULOS S A25012024000000000104421000000000000000090211154293     000000          10227122023000000000000100 00000000000000000000000000230220243
3410001300116H 010000000000000000                                         00000000000000000000000 00000000000000000000000126012024000000000002088000000000000000                                                                                
3410001300117G 01033929606000018760492392860000000377517801012007976147000160MOVIDA LOCACAO DE VEICULOS S A25012024000000000187604000000000000000090211177565     000000          10227122023000000000000100 00000000000000000000000000230220243
3410001300118H 010000000000000000                                         00000000000000000000000 00000000000000000000000126012024000000000003752000000000000000                                                                                
3410001300119G 01001959606000008100000000029821950000087295172026576031000189SHOW DISTRIBUIDORA AUTOMOTIVA 250120240000000000810000000000000000000997531.1        000000          10227122023000000000000162 00000000000000000000000000240420241
3410001300120H 010000000000000000                                         00000000000000000000000 00000000000000000000000226012024000000000000200000000000000000                                                                                
3410001300121G 01033999606000345000090160255000000002657301012041613515000144WEB CARRETAS MONTAGEM IND PECA2501202400000000345000000000000000000009001293/1       000000          10227122023000000000000300 00000000000000000000000000230720243
3410001300122H 010000000000000000                                         00000000000000000000000 00000000000000000000000126012024000000000069000000000000000000                                                                                
3410001300123G 01341919607000006210010900047742101443003730002034507958000195D - CAMINHO CAMINHOES LTDA.   26012024000000000062100000000000000000090013239001     001446          10127122023000000000000122 00000000000000000000000000260120241
3410001300124H 010000000000000000                                         00000000000000000000000 00000000000000000000000 00000000000000000000000000000000000000                                                                                
3410001300125G 01422969607000008300072060000581215450432427722031999023000185L  E MOLAS CEBOLAO BR LTDA    26012024000000000083000000000000000000093227-1         000000          10227122023000000000000012 00000000000000000000000000250420241
3410001300126H 010000000000000000                                         00000000000000000000000 00000000000000000000000227012024000000000000500000000000000000                                                                                
3410001300127G 01001919607000000462800000017086550003223917172009110913000135TRUCKS CONTROL . SERVICOS DE L26012024000000000004628000000000000000090220611001     000000          10227122023000000000000015 00000000000000000000000000250420241
3410001300128H 010000000000000000                                         00000000000000000000000 00000000000000000000000301010001000000000000000000000000000000                                                                                
3410001300129G 01033919608000017600093443035000000000467301012052601697000150MOLAS BANDEIRANTES LTDA       2701202400000000017600000000000000000009129521089      000000          10227122023000000000001000 00000000000000000000000000250720243
3410001300130H 010000000000000000                                         00000000000000000000000 00000000000000000000000301010001000000000000000000000000000000                                                                                
3410001300131G 01341989609000007778710960028249502041818120002014525684000150ESSOR SEGUROS                 28012024000000000077787000000000000000093105005566     002048          11727122023000000000000026 00000000000000000000000000280120241
3410001300132H 010000000000000000                                         00000000000000000000000 00000000000000000000000128012024000000000001556000000000000000                                                                                
3410001300133G 01001979609000000760000000025769050000161541172003635486000122RIMA COMERCIO DE PECAS LTDA   2801202400000000000760000000000000000009581301.1       000000          20227122023000000000000023 00000000000000000000000000270420241
3410001300134H 010000000000000000                                         00000000000000000000000 00000000000000000000000301010001000000000000000000000000000000                                                                                
3410001300135G 01341969610000017872210960028347702041818120002014525684000150ESSOR SEGUROS                 29012024000000000178722000000000000000093105005566     002048          11727122023000000000000060 00000000000000000000000000290120241
3410001300136H 010000000000000000                                         00000000000000000000000 00000000000000000000000129012024000000000003574000000000000000                                                                                
3410001300137G 01341969633000005989010900005117807070810060002022696723000100POSTO DE MOLAS CACAPAVA LTDA  21022024000000000059890000000000000000093674/2         007070          10127122023000000000000120 00000000000000000000000000210220241
3410001300138H 010000000000000000                                         00000000000000000000000 00000000000000000000000121022024000000000001198000000000000000                                                                                
3410001300139G 01033979636000345000090160255000000002658101012041613515000144WEB CARRETAS MONTAGEM IND PECA2402202400000000345000000000000000000009001293/2       000000          10227122023000000000000300 00000000000000000000000000220820243
3410001300140H 010000000000000000                                         00000000000000000000000 00000000000000000000000125022024000000000069000000000000000000                                                                                
3410001300141G 01341929638000006214910900047743901443003730002034507958000195D - CAMINHO CAMINHOES LTDA.   26022024000000000062149000000000000000090013239002     001446          10127122023000000000000122 00000000000000000000000000260220241
3410001300142H 010000000000000000                                         00000000000000000000000 00000000000000000000000 00000000000000000000000000000000000000                                                                                
3410001300143G 01001969638000000462800000017086550003223918172009110913000135TRUCKS CONTROL . SERVICOS DE L26022024000000000004628000000000000000090220611002     000000          10227122023000000000000015 00000000000000000000000000260520241
3410001300144H 010000000000000000                                         00000000000000000000000 00000000000000000000000301010001000000000000000000000000000000                                                                                
3410001300145G 01341949661000005989010900005118607070810060002022696723000100POSTO DE MOLAS CACAPAVA LTDA  20032024000000000059890000000000000000093674/3         007070          10127122023000000000000120 00000000000000000000000000200320241
3410001300146H 010000000000000000                                         00000000000000000000000 00000000000000000000000120032024000000000001198000000000000000                                                                                
3410001300147G 01033919666000345000090160255000000002659001012041613515000144WEB CARRETAS MONTAGEM IND PECA2503202400000000345000000000000000000009001293/3       000000          10227122023000000000000300 00000000000000000000000000210920243
3410001300148H 010000000000000000                                         00000000000000000000000 00000000000000000000000126032024000000000069000000000000000000                                                                                
3410001300149G 01001919667000000462800000017086550003223919172009110913000135TRUCKS CONTROL . SERVICOS DE L26032024000000000004628000000000000000090220611003     000000          10227122023000000000000015 00000000000000000000000000240620241
3410001300150H 010000000000000000                                         00000000000000000000000 00000000000000000000000301010001000000000000000000000000000000                                                                                
3410001300151G 01341929689000005989010900005119407070810060002022696723000100POSTO DE MOLAS CACAPAVA LTDA  17042024000000000059890000000000000000093674/4         007070          10127122023000000000000120 00000000000000000000000000170420241
3410001300152H 010000000000000000                                         00000000000000000000000 00000000000000000000000117042024000000000001198000000000000000                                                                                
34100015         000154000000000140981012000000000000000000                                                                                                                                                                                     
34100021I0300022 2015665528000238                    00000 000000000000  CARGO POLO C L T EIRELI                                                                                                                                                
3410002300001G 01341919600000009980010900044400903642533850002005764666000130MARCOS DANILLO V SILVA EPP    190120240000000000998000000000000000000967249-1        003640          10127122023000000000000200 00000000000000000000000000190120241
3410002300002H 010000000000000000                                         00000000000000000000000 00000000000000000000000119012024000000000001996000000000000000                                                                                
3410002300003G 01341919630000009980010900044401703642533850002005764666000130MARCOS DANILLO V SILVA EPP    180220240000000000998000000000000000000967249-2        003640          10127122023000000000000200 00000000000000000000000000180220241
3410002300004H 010000000000000000                                         00000000000000000000000 00000000000000000000000118022024000000000001996000000000000000                                                                                
34100025         000006000000000000199600000000000000000000                                                                                                                                                                                     
34100031I0300022 2015665528000580                    00000 000000000000  CARGO POLO C L T EIRELI                                                                                                                                                
3410003300001G 01341919590000002650010900288536529287005210002000741296000100NORDESTE COML IMPLS RODOV LTDA09012024000000000026500000000000000000091421181        029280          10127122023000000000000052 00000000000000000000000000090120241
3410003300002H 010000000000000000                                         00000000000000000000000 00000000000000000000000 00000000000000000000000000000000000000                                                                                
3410003300003G 01341949598000024500010900288334529287005210002000741296000100NORDESTE COML IMPLS RODOV LTDA17012024000000000245000000000000000000091420231        029280          10127122023000000000000481 00000000000000000000000000170120241
3410003300004H 010000000000000000                                         00000000000000000000000 00000000000000000000000 00000000000000000000000000000000000000                                                                                
3410003300005G 01341989628000024500010900288335229287005210002000741296000100NORDESTE COML IMPLS RODOV LTDA16022024000000000245000000000000000000091420232        029280          10127122023000000000000481 00000000000000000000000000160220241
3410003300006H 010000000000000000                                         00000000000000000000000 00000000000000000000000 00000000000000000000000000000000000000                                                                                
34100035         000008000000000000516500000000000000000000                                                                                                                                                                                     
34100041I0300022 2015665528001048                    00000 000000000000  CARGO POLO C L T EIRELI                                                                                                                                                
3410004300001G 01341959591000016225010910637173380200158740002060672441000161PIQUERI COM DIST AUTO PEC LTD 10012024000000000162250000000000000000090623511/A      080200          10127122023000000000000438 00000000000000000000000000100120241
3410004300002H 010000000000000000                                         00000000000000000000000 00000000000000000000000 00000000000000000000000000000000000000                                                                                
3410004300003G 01341999598000016225010910637174180200158740002060672441000161PIQUERI COM DIST AUTO PEC LTD 17012024000000000162250000000000000000090623511/B      080200          10127122023000000000000438 00000000000000000000000000170120241
3410004300004H 010000000000000000                                         00000000000000000000000 00000000000000000000000 00000000000000000000000000000000000000                                                                                
3410004300005G 01341939600000004119015700042766080521433960002071592836000170COMLUVAS IND COM EQ SEG LTDA  19012024000000000041190000000000000000099118           080523          10127122023000000000000069 00000000000000000000000000190120241
3410004300006H 010000000000000000                                         00000000000000000000000 00000000000000000000000119012024000000000000824000000000000000                                                                                
3410004300007G 01341939605000016225010910637175880200158740002060672441000161PIQUERI COM DIST AUTO PEC LTD 24012024000000000162250000000000000000090623511/C      080200          10127122023000000000000438 00000000000000000000000000240120241
3410004300008H 010000000000000000                                         00000000000000000000000 00000000000000000000000 00000000000000000000000000000000000000                                                                                
3410004300009G 01341999605000030000010990375727506123263300002010653631000163ZAGAR COMERCIO F F LTDA       2401202400000000030000000000000000000009000226936      006122          10127122023000000000000500 00000000000000000000000000240120241
3410004300010H 010000000000000000                                         00000000000000000000000 00000000000000000000000 00000000000000000000000000000000000000                                                                                
3410004300011G 01341919607000066483310900002687687459984380002014021473000422INTERCAMBIO PECAS E SERV LTDA 26012024000000000664833000000000000000090001071-01     087452          10127122023000000000000798 00000000000000000000000000260120241
3410004300012H 010000000000000000                                         00000000000000000000000 00000000000000000000000126012024000000000013297000000000000000                                                                                
3410004300013G 01341929607000010183310900002690087459984380002014021473000422INTERCAMBIO PECAS E SERV LTDA 26012024000000000101833000000000000000090001220-01     087452          10127122023000000000000122 00000000000000000000000000260120241
3410004300014H 010000000000000000                                         00000000000000000000000 00000000000000000000000126012024000000000002037000000000000000                                                                                
3410004300015G 01341979612000016225010910637176680200158740002060672441000161PIQUERI COM DIST AUTO PEC LTD 31012024000000000162250000000000000000090623511/D      080200          10127122023000000000000438 00000000000000000000000000310120241
3410004300016H 010000000000000000                                         00000000000000000000000 00000000000000000000000 00000000000000000000000000000000000000                                                                                
3410004300017G 01341919637000066483310900002688487459984380002014021473000422INTERCAMBIO PECAS E SERV LTDA 25022024000000000664833000000000000000090001071-02     087452          10127122023000000000000798 00000000000000000000000000250220241
3410004300018H 010000000000000000                                         00000000000000000000000 00000000000000000000000125022024000000000013297000000000000000                                                                                
3410004300019G 01341989637000010183310900002691887459984380002014021473000422INTERCAMBIO PECAS E SERV LTDA 25022024000000000101833000000000000000090001220-02     087452          10127122023000000000000122 00000000000000000000000000250220241
3410004300020H 010000000000000000                                         00000000000000000000000 00000000000000000000000125022024000000000002037000000000000000                                                                                
3410004300021G 01341969667000066483410900002689287459984380002014021473000422INTERCAMBIO PECAS E SERV LTDA 26032024000000000664834000000000000000090001071-03     087452          10127122023000000000000798 00000000000000000000000000260320241
3410004300022H 010000000000000000                                         00000000000000000000000 00000000000000000000000126032024000000000013297000000000000000                                                                                
3410004300023G 01341949667000010183410900002692687459984380002014021473000422INTERCAMBIO PECAS E SERV LTDA 26032024000000000101834000000000000000090001220-03     087452          10127122023000000000000122 00000000000000000000000000260320241
3410004300024H 010000000000000000                                         00000000000000000000000 00000000000000000000000126032024000000000002037000000000000000                                                                                
34100045         000026000000000003290190000000000000000000                                                                                                                                                                                     
34100051I0300022 2015665528001200                    00000 000000000000  CARGO POLO C L T EIRELI                                                                                                                                                
3410005300001G 01341919584000013338010904070462103680165980002051195790000149PERIM COM DE AUTO PECAS LTDA  0301202400000000013338000000000000000009276571-4       003681          10127122023000000000000356 00000000000000000000000000030120241
3410005300002H 010000000000000000                                         00000000000000000000000 00000000000000000000000103012024000000000002667000000000000000                                                                                
3410005300003G 01341939607000002372310900109729607804547080002008990607000178V. PERECK CIA. LTDA - ME      2601202400000000002372300000000000000009000191292      007807          10127122023000000000000024 00000000000000000000000000260120241
3410005300004H 010000000000000000                                         00000000000000000000000 00000000000000000000000126012024000000000000474000000000000000                                                                                
34100055         000006000000000000157103000000000000000000                                                                                                                                                                                     
34199999         000005000202                                                                                                                                                                                                                   
