34100000         228537185000197                    00000 000000000000  BS LOGISTICA SA               BANCO ITAU S.A.                         204122023060009000001084                                                                          
34100011I0300022 2028537185000197                    00000 000000000000  BS LOGISTICA SA                                                                                                                                                        
3410001300001G 01341959558000021898410905011191503680165980002051195790000149PERIM COM DE AUTO PECAS LTDA  0812202300000000021898400000000000000009179697-1       003681          10101122023000000000000584 00000000000000000000000000081220231
3410001300002H 010000000000000000                                         00000000000000000000000 00000000000000000000000108122023000000000004379000000000000000                                                                                
3410001300003G 01341919578000020700010900766467593173001360002009405797000343MOVESA MOTORES E VEICULOS LTDA281220230000000002070000000000000000000927810101       093179          10101122023000000000000345 00000000000000000000000000281220231
3410001300004H 010000000000000000                                         00000000000000000000000 00000000000000000000000 00000000000000000000000000000000000000                                                                                
3410001300005G 01341939591000000702510901024678903329323750002001568366000124TELECOMUNICACOES POLONI EIRELI100120240000000000070250000000000000000910006612       003327          11001122023000000000000014 00000000000000000000000000100120241
3410001300006H 010000000000000000                                         00000000000000000000000 00000000000000000000000 00000000000000000000000000000000000000                                                                                
3410001300007G 01341929606000020700210900766468393173001360002009405797000343MOVESA MOTORES E VEICULOS LTDA250120240000000002070020000000000000000927810102       093179          10101122023000000000000345 00000000000000000000000000250120241
3410001300008H 010000000000000000                                         00000000000000000000000 00000000000000000000000 00000000000000000000000000000000000000                                                                                
3410001300009G 01341969634000020699810900766469193173001360002009405797000343MOVESA MOTORES E VEICULOS LTDA220220240000000002069980000000000000000927810103       093179          10101122023000000000000345 00000000000000000000000000220220241
3410001300010H 010000000000000000                                         00000000000000000000000 00000000000000000000000 00000000000000000000000000000000000000                                                                                
34100015         000012000000000000847009000000000000000000                                                                                                                                                                                     
34100021I0300022 2028537185000278                    00000 000000000000  BS LOGISTICA SA                                                                                                                                                        
3410002300001G 01341999578000003859510901775418630340185350002021770011000120ELETROMAC LTDA                2812202300000000003859500000000000000009878883         030346          10101122023000000000000077 00000000000000000000000000281220231
3410002300002H 010000000000000000                                         00000000000000000000000 00000000000000000000000128122023000000000000771000000000000000                                                                                
3410002300003G 01341989579000018333410900008513277849980770002032996422000155CASAVOL COMERCIO DE PECAS LTDA291220230000000001833340000000000000000917468          077842          10101122023000000000000605 00000000000000000000000000291220231
3410002300004H 010000000000000000                                         00000000000000000000000 00000000000000000000000129122023000000000003666000000000000000                                                                                
3410002300005G 01341979579000018333410900008516577849980770002032996422000155CASAVOL COMERCIO DE PECAS LTDA291220230000000001833340000000000000000917469          077842          10101122023000000000000605 00000000000000000000000000291220231
3410002300006H 010000000000000000                                         00000000000000000000000 00000000000000000000000129122023000000000003666000000000000000                                                                                
3410002300007G 01341919579000004250010900008519977849980770002032996422000155CASAVOL COMERCIO DE PECAS LTDA291220230000000000425000000000000000000917470          077842          10101122023000000000000140 00000000000000000000000000291220231
3410002300008H 010000000000000000                                         00000000000000000000000 00000000000000000000000129122023000000000000850000000000000000                                                                                
3410002300009G 01341999580000017850010900008627077849980770002032996422000155CASAVOL COMERCIO DE PECAS LTDA301220230000000001785000000000000000000917530          077842          10101122023000000000000589 00000000000000000000000000301220231
3410002300010H 010000000000000000                                         00000000000000000000000 00000000000000000000000130122023000000000003570000000000000000                                                                                
3410002300011G 01341999581000002650010900095381192785018880002017589256000189TRIANG PECAS E ACESS LTDA ME  311220230000000000265000000000000000000995381          092783          10101122023000000000000052 00000000000000000000000000311220231
3410002300012H 010000000000000000                                         00000000000000000000000 00000000000000000000000131122023000000000000530000000000000000                                                                                
3410002300013G 01341989609000018333310900008514077849980770002032996422000155CASAVOL COMERCIO DE PECAS LTDA280120240000000001833330000000000000000917468          077842          10101122023000000000000605 00000000000000000000000000280120241
3410002300014H 010000000000000000                                         00000000000000000000000 00000000000000000000000128012024000000000003666000000000000000                                                                                
3410002300015G 01341979609000018333310900008517377849980770002032996422000155CASAVOL COMERCIO DE PECAS LTDA280120240000000001833330000000000000000917469          077842          10101122023000000000000605 00000000000000000000000000280120241
3410002300016H 010000000000000000                                         00000000000000000000000 00000000000000000000000128012024000000000003666000000000000000                                                                                
3410002300017G 01341919639000018333310900008515777849980770002032996422000155CASAVOL COMERCIO DE PECAS LTDA270220240000000001833330000000000000000917468          077842          10101122023000000000000605 00000000000000000000000000270220241
3410002300018H 010000000000000000                                         00000000000000000000000 00000000000000000000000127022024000000000003666000000000000000                                                                                
3410002300019G 01341969639000018333310900008518177849980770002032996422000155CASAVOL COMERCIO DE PECAS LTDA270220240000000001833330000000000000000917469          077842          10101122023000000000000605 00000000000000000000000000270220241
3410002300020H 010000000000000000                                         00000000000000000000000 00000000000000000000000127022024000000000003666000000000000000                                                                                
34100025         000022000000000001386095000000000000000000                                                                                                                                                                                     
34199999         000002000036                                                                                                                                                                                                                   
