34100000         228537185000278                    00000 000000000000  BS LOGISTICA SA               BANCO ITAU S.A.                         207122023052624000004084                                                                          
34100011I0300022 2028537185000278                    00000 000000000000  BS LOGISTICA SA                                                                                                                                                        
3410001300001G 01341939572000013549310900722752516112278000002002651566000109RODO FREIOS D PECAS LTDA      2212202300000000013549300000000000000009  123085/1     016113          10106122023000000000000217 00000000000000000000000000221220231
3410001300002H 010000000000000000                                         00000000000000000000000 00000000000000000000000 00000000000000000000000000000000000000                                                                                
3410001300003G 01341919583000006573310900009086477842377730002010838602000176CONQUIXTA RECAPAGEM PNEUS LTDA020120240000000000657330000000000000000969764/1        077842          10106122023000000000000131 00000000000000000000000000020120241
3410001300004H 010000000000000000                                         00000000000000000000000 00000000000000000000000 00000000000000000000000000000000000000                                                                                
3410001300005G 01341919585000003545310900030670330839973240002042455208000145TRUCKSVOL COMERCIO DE PECAS LT04012024000000000035453000000000000000091066           030833          10106122023000000000000117 00000000000000000000000000040120241
3410001300006H 010000000000000000                                         00000000000000000000000 00000000000000000000000105012024000000000000709000000000000000                                                                                
3410001300007G 01341919603000013549110900722753316112278000002002651566000109RODO FREIOS D PECAS LTDA      2201202400000000013549100000000000000009  123085/2     016113          10106122023000000000000217 00000000000000000000000000220120241
3410001300008H 010000000000000000                                         00000000000000000000000 00000000000000000000000 00000000000000000000000000000000000000                                                                                
3410001300009G 01341979611000006573310900009087277842377730002010838602000176CONQUIXTA RECAPAGEM PNEUS LTDA300120240000000000657330000000000000000969764/2        077842          10106122023000000000000131 00000000000000000000000000300120241
3410001300010H 010000000000000000                                         00000000000000000000000 00000000000000000000000 00000000000000000000000000000000000000                                                                                
3410001300011G 01341919633000013549110900722754116112278000002002651566000109RODO FREIOS D PECAS LTDA      2102202400000000013549100000000000000009  123085/3     016113          10106122023000000000000217 00000000000000000000000000210220241
3410001300012H 010000000000000000                                         00000000000000000000000 00000000000000000000000 00000000000000000000000000000000000000                                                                                
3410001300013G 01341929639000006573410900009088077842377730002010838602000176CONQUIXTA RECAPAGEM PNEUS LTDA270220240000000000657340000000000000000969764/3        077842          10106122023000000000000131 00000000000000000000000000270220241
3410001300014H 010000000000000000                                         00000000000000000000000 00000000000000000000000 00000000000000000000000000000000000000                                                                                
34100015         000016000000000000639128000000000000000000                                                                                                                                                                                     
34199999         000001000018                                                                                                                                                                                                                   
