34100000         215665528000157                    00000 000000000000  CARGO POLO C L T EIRELI       BANCO ITAU S.A.                         220032024043448000074084                                                                          
34100011I0300022 2015665528000157                    00000 000000000000  CARGO POLO C L T EIRELI                                                                                                                                                
3410001300001G 02001999562000013690000000015113450000459933172067380170000110MMARRA DISTRIBUIDORA AUTOMOTIV1212202300000000013690000000000000000009886987.3       000000          20214092023000000000000456 00000000000000000000000000110320241
3410001300002H 020000000000000000                                         00000000000000000000000 00000000000000000000000301010001000000000000000000000000000000                                                                                
3410001300003G 02237919598000003999711470933630000002003185502027226625000122PANIFICADORA RECANTO MINEIRO  1701202400000000003999700000000000000009155            000000          10229122023000000000000000 00000000000000000000000000170320245
3410001300004H 020000000000000000                                         00000000000000000000000 00000000000000000000000301010001000000000000000000000000000000                                                                                
3410001300005G 02033989628000009240090416503000000000000501012050939817000106GOLD MOBILE LTDA              1602202400000000009240000000000000000009GRUPO CARG     000000          19920122023000000000001000 00000000000000000000000000160320243
3410001300006H 020000000000000000                                         00000000000000000000000 00000000000000000000000118022024000000000002772000000000000000                                                                                
3410001300007G 02033929628000009240090416503000000000000601012050939817000106GOLD MOBILE LTDA              1602202400000000009240000000000000000009GRUPO CARG     000000          19920122023000000000001000 00000000000000000000000000160320243
3410001300008H 020000000000000000                                         00000000000000000000000 00000000000000000000000118022024000000000002772000000000000000                                                                                
3410001300009G 02033969628000009240090416503000000000000901012050939817000106GOLD MOBILE LTDA              1602202400000000009240000000000000000009GRUPO CARG     000000          19920122023000000000001000 00000000000000000000000000160320243
3410001300010H 020000000000000000                                         00000000000000000000000 00000000000000000000000118022024000000000009240000000000000000                                                                                
3410001300011G 02001919652000000474500000032196589249795424172056024581000156MUNICIPIO DE RIBEIRAO PRETO   11032024000000000004745000000000000000092024924979     000000          11715112023000000000000000 00000000000000000000000000110320245
3410001300012H 020000000000000000                                         00000000000000000000000 00000000000000000000000301010001000000000000000000000000000000                                                                                
3410001300013G 02001949653000001301600000029675760029303732172000394494010441MINISTERIO DA JUSTICA . DPTO. 12032024000000000013016000000000000000090000000799     000000          10413022024000000000000000212032024000000000002000000120320245
3410001300014H 020000000000000000                                         00000000000000000000000 00000000000000000000000301010001000000000000000000000000000000                                                                                
3410001300015G 02001949654000003521600000033969500044149705172043581974000119RP MOBI . EMPRESA DE MOBILIDAD13032024000000000035216000000000000000092063503        000000          10216022024000000000000000 00000000000000000000000000130320245
3410001300016H 020000000000000000                                         00000000000000000000000 00000000000000000000000301010001000000000000000000000000000000                                                                                
3410001300017G 02237989655000006789018400900568355982009146302035001210000189TS HOST SERVICOS DE INTERNET L14032024000000000067890000000000000000090568355982     000000          13208032024000000000000000 00000000000000000000000000140320245
3410001300018H 020000000000000000                                         00000000000000000000000 00000000000000000000000301010001000000000000000000000000000000                                                                                
3410001300019G 02237919659000264571333930200000224264000017902011414555000104AMBIPAR RESPONSE SA           1803202400000000264571300000000000000009000436340A     000000          30215022024000000000000881 00000000000000000000000000160720241
3410001300020H 022011414555000104AMBIPAR RESPONSE S A                     00000000000000000000000 00000000000000000000000219032024000000000001000000000000000000                                                                                
3410001300021G 02033989659000059734490101549000000002277201012044915518000120GOMMA DISTRIBUIDORA DE PNEUS L1803202400000000059734400000000000000009691/6          000000          30222092023000000000000240 00000000000000000000000000140920243
3410001300022H 020000000000000000                                         00000000000000000000000 00000000000000000000000119032024000000000011947000000000000000                                                                                
3410001300023G 02033989659000052668990211171000000002622001012044915518000201GOMMA DISTRIBUIDORA DE PNEUS L1803202400000000052668900000000000000009752/6          000000          10222092023000000000000240 00000000000000000000000000140920243
3410001300024H 020000000000000000                                         00000000000000000000000 00000000000000000000000119032024000000000010534000000000000000                                                                                
3410001300025G 02237979659000001400016050900009096715001832302011377428000174POSTO REFORCO 6               1803202400000000001400000000000000000009174343         000000          10212032024000000000000012 00000000000000000000000000170520241
3410001300026H 020000000000000000                                         00000000000000000000000 00000000000000000000000301010001000000000000000000000000000000                                                                                
3410001300027G 02237939660000007086719600900000007620009663002047892320000167C   C COMERCIO DE PNEUS LTDA  1903202400000000007086700000000000000009NP0012533      000000          10221122023000000000000283 00000000000000000000000000180520241
3410001300028H 020000000000000000                                         00000000000000000000000 00000000000000000000000220032024000000000000100000000000000000                                                                                
3410001300029G 02237959660000003235404900904900016900002217702066944158000128CASA DO OLEO RIBEIRAO PRETO LT190320240000000000323540000000000000000920192-1        000000          10227022024000000000000087 00000000000000000000000000180520241
3410001300030H 020000000000000000                                         00000000000000000000000 00000000000000000000000220032024000000000000200000000000000000                                                                                
3410001300031G 02748919660000015000011242022530073825052141062022991625000103EVERTON CARLOS PASQUALOTO 0588190320240000000001500000000000000000000911752/1F       000000          10320022024000000000000300 00000000000000000000000000170320341
3410001300032H 020000000000000000                                         00000000000000000000000 00000000000000000000000220032024000000000000200000000000000000                                                                                
3410001300033G 02748929660000007980011241004903071070725051062023008334000107FERREIRA DIESEL PECAS PARA CAM1903202400000000007980000000000000000009NF6433-B       000000          10308022024000000000000990 00000000000000000000000000170320343
3410001300034H 020000000000000000                                         00000000000000000000000 00000000000000000000000220032024000000000000200000000000000000                                                                                
3410001300035G 02756969660000044444713207011726412000001990012011125730000216FR CONSULTORIA E INOVACAO LTDA1903202400000000044444700000000000000009432            000000          10406032024000000000000000 00000000000000000000000000040320345
3410001300036H 020000000000000000                                         00000000000000000000000 00000000000000000000000301010001000000000000000000000000000000                                                                                
3410001300037G 02033969660000004550099085319000002221634001012056028251000309GAPLAN CAMINHOES LTDA         1903202400000000004550000000000000000009291161-2       000000          10223012024000000000000600 00000000000000000000000000130420243
3410001300038H 020000000000000000                                         00000000000000000000000 00000000000000000000000301010001000000000000000000000000000000                                                                                
3410001300039G 02033989660000029609490211171000000003100301012044915518000201GOMMA DISTRIBUIDORA DE PNEUS L1903202400000000029609400000000000000009876/5          000000          10227102023000000000000240 00000000000000000000000000150920243
3410001300040H 020000000000000000                                         00000000000000000000000 00000000000000000000000120032024000000000005922000000000000000                                                                                
3410001300041G 02033999660000020088490101549000000002470801012044915518000120GOMMA DISTRIBUIDORA DE PNEUS L1903202400000000020088400000000000000009746/5          000000          30227102023000000000000240 00000000000000000000000000150920243
3410001300042H 020000000000000000                                         00000000000000000000000 00000000000000000000000120032024000000000004018000000000000000                                                                                
3410001300043G 02033929660000079470390211171000000003094501012044915518000201GOMMA DISTRIBUIDORA DE PNEUS L1903202400000000079470300000000000000009875/5          000000          10227102023000000000000240 00000000000000000000000000150920243
3410001300044H 020000000000000000                                         00000000000000000000000 00000000000000000000000120032024000000000015894000000000000000                                                                                
3410001300045G 02237949660000002984226560926560401048001959502002233622000195GOTEMBURGO VEICULOS LTDA      19032024000000000029842000000000000000090171116 1      000000          10221022024000000000000060 00000000000000000000000000180520241
3410001300046H 020000000000000000                                         00000000000000000000000 00000000000000000000000301010001000000000000000000000000000000                                                                                
3410001300047G 02748989660000006560011241001427071072263591002009491443000288H M POSTO DE ENSAIO E TACOGRAF19032024000000000065600000000000000000093776           000000          10304032024000000000006000 00000000000000000000000000170320343
3410001300048H 020000000000000000                                         00000000000000000000000 00000000000000000000000220032024000000000000033000000000000000                                                                                
3410001300049G 02033939660000007820090127123000000000006701012042240207000183HIAGO RODRIGUES PIMENTEL 4822719032024000000000078200000000000000000090              000000          10219012024000000000000300 00000000000000000000000000150920243
3410001300050H 020000000000000000                                         00000000000000000000000 00000000000000000000000123032024000000000002346000000000000000                                                                                
3410001300051G 02748989660000003505011242064244071072116211002019502017000175J P R TRINDADE AUTO ELETRICA L19032024000000000035050000000000000000090000000000     000000          10304032024000000000000058 00000000000000000000000000170320341
3410001300052H 020000000000000000                                         00000000000000000000000 00000000000000000000000220032024000000000000600000000000000000                                                                                
3410001300053G 02748989660000031343011242009627091420003921002036957761000183MOREIRA TRUCK CENTER LTDA     19032024000000000313430000000000000000090000007238     000000          10323012024000000000001045 00000000000000000000000000170320341
3410001300054H 020000000000000000                                         00000000000000000000000 00000000000000000000000220032024000000000000200000000000000000                                                                                
3410001300055G 02748919660000009500011242011710091420003921062036957761000183MOREIRA TRUCK CENTER LTDA     19032024000000000095000000000000000000090000007371     000000          10320022024000000000000317 00000000000000000000000000170320341
3410001300056H 020000000000000000                                         00000000000000000000000 00000000000000000000000220032024000000000000200000000000000000                                                                                
3410001300057G 02001949660000013141700000022902470000073778172061502324000112REFRIGELO CLIMATIZACAO DE AMBI19032024000000000131417000000000000000091001.0003      000000          10223012024000000000000131 00000000000000000000000000170420241
3410001300058H 020000000000000000                                         00000000000000000000000 00000000000000000000000301010001000000000000000000000000000000                                                                                
3410001300059G 02422929660000012240070120000200863400377218722074212994000146RIBEIRAO COMERCIO DE LUBRIF LT1903202400000000012240000000000000000009470493         000000          20225012024000000000000329 00000000000000000000000000170620241
3410001300060H 020000000000000000                                         00000000000000000000000 00000000000000000000000220032024000000000000200000000000000000                                                                                
3410001300061G 02237989660000004800023730400005066512000849502019791896000283SUPERGASBRAS ENERGIA LTDA     19032024000000000048000000000000000000090001372101     000000          10207032024000000000000048 00000000000000000000000000150920241
3410001300062H 020000000000000000                                         00000000000000000000000 00000000000000000000000224032024000000000000200000000000000000                                                                                
3410001300063G 01260969661000026000018955036976640460200000002052953683000103PAULO RICARDO BARBARA IGNACIO 2003202400000000026000000000000000000009               000000          19919032024000000000000000 00000000000000000000000000200320245
3410001300064H 012052953683000103PAULO RICARDO BARBARA IGNACIO            00000000000000000000000 00000000000000000000000301010001000000000000000000000000000000                                                                                
3410001300065G 01341969661000012245515700040983173851239760002013556118000142RODIX COMERCIO M GLOBAL LTDA  2003202400000000012245500000000000000009NF4216         073858          10119032024000000000000245 00000000000000000000000000200320241
3410001300066H 010000000000000000                                         00000000000000000000000 00000000000000000000000120032024000000000002449000000000000000                                                                                
3410001300067G 01341919661000055456115700040984973851239760002013556118000142RODIX COMERCIO M GLOBAL LTDA  2003202400000000055456100000000000000009NF4217         073858          10119032024000000000001109 00000000000000000000000000200320241
3410001300068H 010000000000000000                                         00000000000000000000000 00000000000000000000000120032024000000000011091000000000000000                                                                                
3410001300069G 02001929665000001952300000029675760029732048172000394494010441MINISTERIO DA JUSTICA . DPTO. 24032024000000000019523000000000000000090000000804     000000          10412032024000000000000000224032024000000000002000000240320245
3410001300070H 020000000000000000                                         00000000000000000000000 00000000000000000000000301010001000000000000000000000000000000                                                                                
3410001300071G 02001929665000001952300000029675760029732054172000394494010441MINISTERIO DA JUSTICA . DPTO. 24032024000000000019523000000000000000090000000804     000000          10412032024000000000000000224032024000000000002000000240320245
3410001300072H 020000000000000000                                         00000000000000000000000 00000000000000000000000301010001000000000000000000000000000000                                                                                
3410001300073G 02001999665000003855200000029675760029824886172000394494010441MINISTERIO DA JUSTICA . DPTO. 24032024000000000038552000000000000000090000000740     000000          10419032024000000000000000224032024000000000002000000240320245
3410001300074H 020000000000000000                                         00000000000000000000000 00000000000000000000000301010001000000000000000000000000000000                                                                                
3410001300075G 01001999665000003855200000029675760029824886172000394494010441MINISTERIO DA JUSTICA . DPTO. 24032024000000000038552000000000000000090000000740     000000          10419032024000000000000000224032024000000000002000000240320245
3410001300076H 010000000000000000                                         00000000000000000000000 00000000000000000000000301010001000000000000000000000000000000                                                                                
3410001300077G 02001969665000001952300000029675760029824822172000394494010441MINISTERIO DA JUSTICA . DPTO. 24032024000000000019523000000000000000090000000823     000000          10419032024000000000000000224032024000000000002000000240320245
3410001300078H 020000000000000000                                         00000000000000000000000 00000000000000000000000301010001000000000000000000000000000000                                                                                
3410001300079G 01001969665000001952300000029675760029824822172000394494010441MINISTERIO DA JUSTICA . DPTO. 24032024000000000019523000000000000000090000000823     000000          10419032024000000000000000224032024000000000002000000240320245
3410001300080H 010000000000000000                                         00000000000000000000000 00000000000000000000000301010001000000000000000000000000000000                                                                                
3410001300081G 01001919665000001301600000029675760029834185172000394494010441MINISTERIO DA JUSTICA . DPTO. 24032024000000000013016000000000000000090000000858     000000          10419032024000000000000000224032024000000000002000000240320245
3410001300082H 010000000000000000                                         00000000000000000000000 00000000000000000000000301010001000000000000000000000000000000                                                                                
3410001300083G 01748919668000010449011242064376071072116211082019502017000175J P R TRINDADE AUTO ELETRICA L27032024000000000104490000000000000000090000000000     000000          10319032024000000000000174 00000000000000000000000000250320341
3410001300084H 010000000000000000                                         00000000000000000000000 00000000000000000000000228032024000000000000600000000000000000                                                                                
3410001300085G 01748979668000005500011241000374022637232041082046984469000103LAVA JATO TIMBUIBAO LTDA      2703202400000000005500000000000000000009378            000000          10319032024000000000000990 00000000000000000000000000250320343
3410001300086H 010000000000000000                                         00000000000000000000000 00000000000000000000000228032024000000000000200000000000000000                                                                                
3410001300087G 01033989670000019000097771266000000000023701012023128551000130ANDRE LUIZ OLIVEIRA PANIS 03652903202400000000019000000000000000000009PC176716       000000          10219032024000000000000000 00000000000000000000000000231220265
3410001300088H 010000000000000000                                         00000000000000000000000 00000000000000000000000301010001000000000000000000000000000000                                                                                
3410001300089G 01033919670000018000097771266000000000023601012023128551000130ANDRE LUIZ OLIVEIRA PANIS 03652903202400000000018000000000000000000009PC176727       000000          10219032024000000000000000 00000000000000000000000000231220265
3410001300090H 010000000000000000                                         00000000000000000000000 00000000000000000000000301010001000000000000000000000000000000                                                                                
3410001300091G 01237939673000013200023730400005117528000849502019791896000283SUPERGASBRAS ENERGIA LTDA     01042024000000000132000000000000000000090001391301     000000          10219032024000000000000132 00000000000000000000000000280920241
3410001300092H 010000000000000000                                         00000000000000000000000 00000000000000000000000206042024000000000000200000000000000000                                                                                
3410001300093G 01274959674000001392300010100001576287811470702006326025000166BUONNY PROJETOS E SERVICOS DE 0204202400000000001392300000000000000009001576287      000000          10219032024000000000000016 00000000000000000000000000020420251
3410001300094H 010000000000000000                                         00000000000000000000000 00000000000000000000000103042024000000000000278000000000000000                                                                                
3410001300095G 01341929674000007140015700041309384891915620002001019351000298MARQUES MARQUES C GAS LTDA ME 02042024000000000071400000000000000000096925           084897          10119032024000000000000048 00000000000000000000000000020420241
3410001300096H 010000000000000000                                         00000000000000000000000 00000000000000000000000102042024000000000007140000000000000000                                                                                
3410001300097G 01341929675000013166710900002087678329961150002019405861000188POSTO DE MOLAS CERRADO LTDA   03042024000000000131667000000000000000090009444-01     078329          10119032024000000000000439 00000000000000000000000000030420241
3410001300098H 010000000000000000                                         00000000000000000000000 00000000000000000000000 00000000000000000000000000000000000000                                                                                
3410001300099G 01748929675000005600011241002554071072012891062018076649000151POSTO DE MOLAS E TRANSPORTE DE0304202400000000005600000000000000000009MO 1749        000000          10319032024000000000000000 00000000000000000000000000010420345
3410001300100H 010000000000000000                                         00000000000000000000000 00000000000000000000000301010001000000000000000000000000000000                                                                                
3410001300101G 01748989675000003900011241002538071072012891052018076649000151POSTO DE MOLAS E TRANSPORTE DE0304202400000000003900000000000000000009MO 1747        000000          10319032024000000000000000 00000000000000000000000000010420345
3410001300102H 010000000000000000                                         00000000000000000000000 00000000000000000000000301010001000000000000000000000000000000                                                                                
3410001300103G 01748949675000006900011241002546071072012891002018076649000151POSTO DE MOLAS E TRANSPORTE DE0304202400000000006900000000000000000009MO 1748        000000          10319032024000000000000000 00000000000000000000000000010420345
3410001300104H 010000000000000000                                         00000000000000000000000 00000000000000000000000301010001000000000000000000000000000000                                                                                
3410001300105G 01341929675000015000015700000628128669816790002046264765000130TRUCK DIESEL MECANICA E AUTO P03042024000000000150000000000000000000093028           028662          10119032024000000000000010 00000000000000000000000000030420241
3410001300106H 010000000000000000                                         00000000000000000000000 00000000000000000000000103042024000000000003000000000000000000                                                                                
3410001300107G 01033949676000008054099370188900000039391501012002584924004600ICH ADMINISTRACAO DE HOTEIS S.0404202400000000008054000000000000000009132170 747     000000          10219032024000000000000000 00000000000000000000000000020520245
3410001300108H 010000000000000000                                         00000000000000000000000 00000000000000000000000301010001000000000000000000000000000000                                                                                
3410001300109G 01341999676000009666710900002102378329961150002019405861000188POSTO DE MOLAS CERRADO LTDA   04042024000000000096667000000000000000090009453-01     078329          10119032024000000000000322 00000000000000000000000000040420241
3410001300110H 010000000000000000                                         00000000000000000000000 00000000000000000000000 00000000000000000000000000000000000000                                                                                
3410001300111G 01001969677000018062700000021265297405610100172034028316000103EMPRESA BRASILEIRA DE CORREIOS05042024000000000180627000000000000000092992395        000000          20219032024000000000000000 00000000000000000000000000310320255
3410001300112H 010000000000000000                                         00000000000000000000000 00000000000000000000000301010001000000000000000000000000000000                                                                                
3410001300113G 01341979678000013800010900002105678329961150002019405861000188POSTO DE MOLAS CERRADO LTDA   06042024000000000138000000000000000000090009459-01     078329          10119032024000000000000460 00000000000000000000000000060420241
3410001300114H 010000000000000000                                         00000000000000000000000 00000000000000000000000 00000000000000000000000000000000000000                                                                                
3410001300115G 01748989680000001400011242014370091420003921002036957761000183MOREIRA TRUCK CENTER LTDA     08042024000000000014000000000000000000090000007533     000000          19919032024000000000000047 00000000000000000000000000060420341
3410001300116H 010000000000000000                                         00000000000000000000000 00000000000000000000000209042024000000000000200000000000000000                                                                                
3410001300117G 01748949680000008350011242014345091420003921002036957761000183MOREIRA TRUCK CENTER LTDA     08042024000000000083500000000000000000090000007536     000000          10319032024000000000000278 00000000000000000000000000060420341
3410001300118H 010000000000000000                                         00000000000000000000000 00000000000000000000000209042024000000000000200000000000000000                                                                                
3410001300119G 01748969680000005134011242014353091420003921052036957761000183MOREIRA TRUCK CENTER LTDA     08042024000000000051340000000000000000090000007537     000000          10319032024000000000000171 00000000000000000000000000060420341
3410001300120H 010000000000000000                                         00000000000000000000000 00000000000000000000000209042024000000000000200000000000000000                                                                                
3410001300121G 01748919680000002800011242014361091420003921002036957761000183MOREIRA TRUCK CENTER LTDA     08042024000000000028000000000000000000090000007538     000000          10319032024000000000000093 00000000000000000000000000060420341
3410001300122H 010000000000000000                                         00000000000000000000000 00000000000000000000000209042024000000000000200000000000000000                                                                                
3410001300123G 01341949680000519090010970408865029382818840002020211412000188PLUXEE FROTA E COMBUSTIVEL BRA0804202400000000519090000000000000000009243004001      029389          10119032024000000000001730 00000000000000000000000000080420241
3410001300124H 010000000000000000                                         00000000000000000000000 00000000000000000000000108042024000000000519090000000000000000                                                                                
3410001300125G 01033939680000003392093316696000000950278101042005498580000102R P PONTOGLIO-ME              080420240000000000339200000000000000000914921          000000          10219032024000000000000000 00000000000000000000000000020120275
3410001300126H 010000000000000000                                         00000000000000000000000 00000000000000000000000301010001000000000000000000000000000000                                                                                
3410001300127G 01748949680000000400011242001750091420003911032025120723000155REZENDE  TRUCK SERVICE        08042024000000000004000000000000000000090000012404     000000          10319032024000000000000013 00000000000000000000000000060420341
3410001300128H 010000000000000000                                         00000000000000000000000 00000000000000000000000209042024000000000000200000000000000000                                                                                
3410001300129G 01748929680000008200011242001725091420003911032025120723000155REZENDE  TRUCK SERVICE        08042024000000000082000000000000000000090000012401     000000          10319032024000000000000273 00000000000000000000000000060420341
3410001300130H 010000000000000000                                         00000000000000000000000 00000000000000000000000209042024000000000000200000000000000000                                                                                
3410001300131G 01748959680000002500011242001741091420003911042025120723000155REZENDE  TRUCK SERVICE        08042024000000000025000000000000000000090000012403     000000          10319032024000000000000083 00000000000000000000000000060420341
3410001300132H 010000000000000000                                         00000000000000000000000 00000000000000000000000209042024000000000000200000000000000000                                                                                
3410001300133G 01748959680000009500011242001733091420003911092025120723000155REZENDE  TRUCK SERVICE        08042024000000000095000000000000000000090000012402     000000          10319032024000000000000317 00000000000000000000000000060420341
3410001300134H 010000000000000000                                         00000000000000000000000 00000000000000000000000209042024000000000000200000000000000000                                                                                
3410001300135G 01756989680000042000013214016277900000038390012046481406000134RONCAM PNEUS LTDA             0804202400000000042000000000000000000009202            000000          10219032024000000000000200 00000000000000000000000000041020243
3410001300136H 010000000000000000                                         00000000000000000000000 00000000000000000000000209042024000000000000200000000000000000                                                                                
3410001300137G 01341919680000005000015700000627328669816790002046264765000130TRUCK DIESEL MECANICA E AUTO P08042024000000000050000000000000000000093029           028662          10119032024000000000000003 00000000000000000000000000080420241
3410001300138H 010000000000000000                                         00000000000000000000000 00000000000000000000000108042024000000000001000000000000000000                                                                                
3410001300139G 01341959682000001800015700000314879800931780002025098596000135JULIANO COUTINHO O 312673248801004202400000000001800000000000000000009216            079806          10119032024000000000000012 00000000000000000000000000100420241
3410001300140H 010000000000000000                                         00000000000000000000000 00000000000000000000000110042024000000000000360000000000000000                                                                                
3410001300141G 01341919682000001200015700000315579800931780002025098596000135JULIANO COUTINHO O 312673248801004202400000000001200000000000000000009228            079806          10819032024000000000000008 00000000000000000000000000100420241
3410001300142H 010000000000000000                                         00000000000000000000000 00000000000000000000000110042024000000000000240000000000000000                                                                                
3410001300143G 01001999683000003990000000016150420000024475172009203706000125BR CARRETAS COMERCIO DE PECAS 1104202400000000003990000000000000000009151528.01      000000          10219032024000000000000013 00000000000000000000000000110520241
3410001300144H 010000000000000000                                         00000000000000000000000 00000000000000000000000213042024000000000000100000000000000000                                                                                
3410001300145G 01001999683000000940000000016150420000024487172009203706000125BR CARRETAS COMERCIO DE PECAS 1104202400000000000940000000000000000009151529         000000          10219032024000000000000003 00000000000000000000000000110520241
3410001300146H 010000000000000000                                         00000000000000000000000 00000000000000000000000213042024000000000000100000000000000000                                                                                
3410001300147G 01001919683000005280000000016150420000024477172009203706000125BR CARRETAS COMERCIO DE PECAS 1104202400000000005280000000000000000009151527.01      000000          10219032024000000000000017 00000000000000000000000000110520241
3410001300148H 010000000000000000                                         00000000000000000000000 00000000000000000000000213042024000000000000100000000000000000                                                                                
3410001300149G 01237919683000007200033760900000006489000247602040757097000104ZULMIRA   FILHOS SUCATAS E FER1104202400000000007200000000000000000009   11340-1     000000          10219032024000000000000024 00000000000000000000000000100620241
3410001300150H 010000000000000000                                         00000000000000000000000 00000000000000000000000212042024000000000000200000000000000000                                                                                
3410001300151G 31001929653000004476700000031417450000001800172027017199000117DEDREX TECNOLOGIA EM SERVICOS 12042024000000000044767000000000000000090000001800     000000          10204032024000000000000015 00000000000000000000000000110520241
3410001300152H 310000000000000000                                         00000000000000000000000 00000000000000000000000113042024000000000000895000000000000000                                                                                
3410001300153G 01748939684000010449011242064384071072116211032019502017000175J P R TRINDADE AUTO ELETRICA L12042024000000000104490000000000000000090000000000     000000          10319032024000000000000174 00000000000000000000000000100420341
3410001300154H 010000000000000000                                         00000000000000000000000 00000000000000000000000215042024000000000000600000000000000000                                                                                
3410001300155G 01341979685000007500010900000578565569949340002043493111000190AHPARTS DISTRIBUICAO IMPORTACA13042024000000000075000000000000000000090000312-01     065565          10119032024000000000000375 00000000000000000000000000130420241
3410001300156H 010000000000000000                                         00000000000000000000000 00000000000000000000000 00000000000000000000000000000000000000                                                                                
3410001300157G 01756989687000008750013214014544781000272020012028235654000113ALEXANDRE MARIO FRANCO LTDA   15042024000000000087500000000000000000093220184301     000000          10219032024000000000000000 00000000000000000000000000111020245
3410001300158H 010000000000000000                                         00000000000000000000000 00000000000000000000000301010001000000000000000000000000000000                                                                                
3410001300159G 01341969687000082500010904018905312480490560002001836398000163BANCO DAYCOVAL SA             1504202400000000082500000000000000000009044062/1       012484          10119032024000000000003300 00000000000000000000000000150420241
3410001300160H 012001836398000163GM IND PEC SERV E MANUTENCOES            00000000000000000000000 00000000000000000000000 00000000000000000000000000000000000000                                                                                
3410001300161G 01341919687000136001310920755786210112509070002001771935000215INGRAM MICRO BRASIL LTDA      1504202400000000136001300000000000000009802047069      010116          10119032024000000000002674 00000000000000000000000000150420241
3410001300162H 010000000000000000                                         00000000000000000000000 00000000000000000000000 00000000000000000000000000000000083641                                                                                
3410001300163G 01237949687000011300060120900000002200030104202008014608000349PARABRISAS DO VALE LTDA       15042024000000000113000000000000000000090000179191     000000          10219032024000000000000373 00000000000000000000000000140620241
3410001300164H 010000000000000000                                         00000000000000000000000 00000000000000000000000216042024000000000000200000000000000000                                                                                
3410001300165G 01237979687000039983216140910003455701008292702036351827000197TGF INTERMEDIACAO E AGENCIAMEN15042024000000000399832000000000000000091  0000345     000000          10219032024000000000001599 00000000000000000000000000140620241
3410001300166H 010000000000000000                                         00000000000000000000000 00000000000000000000000216042024000000000000200000000000000000                                                                                
3410001300167G 01237949687000012016033760900000006491000247602040757097000104ZULMIRA   FILHOS SUCATAS E FER1504202400000000012016000000000000000009   11343-1     000000          10219032024000000000000040 00000000000000000000000000140620241
3410001300168H 010000000000000000                                         00000000000000000000000 00000000000000000000000216042024000000000000200000000000000000                                                                                
3410001300169G 01748969688000021950011242014329091420003921092036957761000183MOREIRA TRUCK CENTER LTDA     16042024000000000219500000000000000000090000007535     000000          10319032024000000000000732 00000000000000000000000000140420341
3410001300170H 010000000000000000                                         00000000000000000000000 00000000000000000000000217042024000000000000200000000000000000                                                                                
3410001300171G 01237939689000009600019600900000008508009663002047892320000167C   C COMERCIO DE PNEUS LTDA  1704202400000000009600000000000000000009NP0015421      000000          10219032024000000000000384 00000000000000000000000000160620241
3410001300172H 010000000000000000                                         00000000000000000000000 00000000000000000000000218042024000000000000100000000000000000                                                                                
3410001300173G 01237919689000009186619600900000008505009663002047892320000167C   C COMERCIO DE PNEUS LTDA  1704202400000000009186600000000000000009NP0015411      000000          10219032024000000000000367 00000000000000000000000000160620241
3410001300174H 010000000000000000                                         00000000000000000000000 00000000000000000000000218042024000000000000100000000000000000                                                                                
3410001300175G 01341949689000002800015700000349206239884410002014944717000104J.M. PECAS E SERVICOS LTDA    1704202400000000002800000000000000000009001076/1       006239          10119032024000000000000112 00000000000000000000000000170420241
3410001300176H 010000000000000000                                         00000000000000000000000 00000000000000000000000 00000000000000000000000000000000000000                                                                                
3410001300177G 01341919689000002500015700000350006239884410002014944717000104J.M. PECAS E SERVICOS LTDA    1704202400000000002500000000000000000009001077/1       006239          10119032024000000000000100 00000000000000000000000000170420241
3410001300178H 010000000000000000                                         00000000000000000000000 00000000000000000000000 00000000000000000000000000000000000000                                                                                
3410001300179G 01341999689000023000015700000351806239884410002014944717000104J.M. PECAS E SERVICOS LTDA    1704202400000000023000000000000000000009001078/1       006239          10119032024000000000000920 00000000000000000000000000170420241
3410001300180H 010000000000000000                                         00000000000000000000000 00000000000000000000000 00000000000000000000000000000000000000                                                                                
3410001300181G 01341919689000003500015700000352606239884410002014944717000104J.M. PECAS E SERVICOS LTDA    1704202400000000003500000000000000000009001080/1       006239          10119032024000000000000140 00000000000000000000000000170420241
3410001300182H 010000000000000000                                         00000000000000000000000 00000000000000000000000 00000000000000000000000000000000000000                                                                                
3410001300183G 01341919689000004500015700000353406239884410002014944717000104J.M. PECAS E SERVICOS LTDA    1704202400000000004500000000000000000009001079/1       006239          10119032024000000000000180 00000000000000000000000000170420241
3410001300184H 010000000000000000                                         00000000000000000000000 00000000000000000000000 00000000000000000000000000000000000000                                                                                
3410001300185G 01001919689000008900000000029821950000091742172026576031000189SHOW DISTRIBUIDORA AUTOMOTIVA 1704202400000000008900000000000000000009104044.1       000000          10219032024000000000000178 00000000000000000000000000160720241
3410001300186H 010000000000000000                                         00000000000000000000000 00000000000000000000000218042024000000000000200000000000000000                                                                                
3410001300187G 01237919689000015679216140910003455301008292702036351827000197TGF INTERMEDIACAO E AGENCIAMEN17042024000000000156792000000000000000091  0000345     000000          10219032024000000000000627 00000000000000000000000000160620241
3410001300188H 010000000000000000                                         00000000000000000000000 00000000000000000000000218042024000000000000200000000000000000                                                                                
3410001300189G 02001939690000000561500000028194722024067322172076669324000189DEPARTAMENTO DE ESTRADAS DE RO1804202400000000000561500000000000000009               000000          10419032024000000000000000 00000000000000000000000000170520245
3410001300190H 020000000000000000                                         00000000000000000000000 00000000000000000000000301010001000000000000000000000000000000                                                                                
3410001300191G 01001939690000000561500000028194722024067322172076669324000189DEPARTAMENTO DE ESTRADAS DE RO1804202400000000000561500000000000000009               000000          10419032024000000000000000 00000000000000000000000000170520245
3410001300192H 010000000000000000                                         00000000000000000000000 00000000000000000000000301010001000000000000000000000000000000                                                                                
3410001300193G 31001939690000009666600000036081030000006881172051127901000180HABER TRUCK PECAS E SERVICOS L18042024000000000096666000000000000000090000390701     000000          20218032024000000000000319 00000000000000000000000000170520241
3410001300194H 310000000000000000                                         00000000000000000000000 00000000000000000000000119042024000000000001933000000000000000                                                                                
3410001300195G 01341929690000001600015700000312279800931780002025098596000135JULIANO COUTINHO O 312673248801804202400000000001600000000000000000009215            079806          10119032024000000000000011 00000000000000000000000000180420241
3410001300196H 010000000000000000                                         00000000000000000000000 00000000000000000000000118042024000000000000320000000000000000                                                                                
3410001300197G 01341989690000003000015700000313079800931780002025098596000135JULIANO COUTINHO O 312673248801804202400000000003000000000000000000009227            079806          10819032024000000000000020 00000000000000000000000000180420241
3410001300198H 010000000000000000                                         00000000000000000000000 00000000000000000000000118042024000000000000600000000000000000                                                                                
3410001300199G 01748989690000030600011242014388091420003921012036957761000183MOREIRA TRUCK CENTER LTDA     18042024000000000306000000000000000000090000007534     000000          19919032024000000000001020 00000000000000000000000000160420341
3410001300200H 010000000000000000                                         00000000000000000000000 00000000000000000000000219042024000000000000200000000000000000                                                                                
3410001300201G 01748919690000015035011242022801071069431461042047190182000174VALECAP SERVICOS TAUBATE LTDA 18042024000000000150350000000000000000092273           000000          10319032024000000000000351 00000000000000000000000000160420341
3410001300202H 010000000000000000                                         00000000000000000000000 00000000000000000000000219042024000000000000200000000000000000                                                                                
3410001300203G 01422919700000003500072060000581215427771659622031999023000185L  E MOLAS CEBOLAO BR LTDA    28042024000000000035000000000000000000093564-1         000000          10219032024000000000000012 00000000000000000000000000270720241
3410001300204H 010000000000000000                                         00000000000000000000000 00000000000000000000000229042024000000000000500000000000000000                                                                                
3410001300205G 01422919700000001600072060000581215408874412222031999023000185L  E MOLAS CEBOLAO BR LTDA    28042024000000000016000000000000000000093562-1         000000          10219032024000000000000013 00000000000000000000000000270720241
3410001300206H 010000000000000000                                         00000000000000000000000 00000000000000000000000229042024000000000000500000000000000000                                                                                
3410001300207G 01422929700000007600072060000581215452649497922031999023000185L  E MOLAS CEBOLAO BR LTDA    28042024000000000076000000000000000000093563-1         000000          10219032024000000000000012 00000000000000000000000000270720241
3410001300208H 010000000000000000                                         00000000000000000000000 00000000000000000000000229042024000000000000500000000000000000                                                                                
3410001300209G 01001989700000017952400000025769050000171535172003635486000122RIMA COMERCIO DE PECAS LTDA   2804202400000000017952400000000000000009594033.1       000000          20219032024000000000000539 00000000000000000000000000270720241
3410001300210H 010000000000000000                                         00000000000000000000000 00000000000000000000000301010001000000000000000000000000000000                                                                                
3410001300211G 01341969701000082500010904018906112480490560002001836398000163BANCO DAYCOVAL SA             2904202400000000082500000000000000000009044062/2       012484          10119032024000000000003300 00000000000000000000000000290420241
3410001300212H 012001836398000163GM IND PEC SERV E MANUTENCOES            00000000000000000000000 00000000000000000000000 00000000000000000000000000000000000000                                                                                
3410001300213G 01237979701000012016033760900000006492000247602040757097000104ZULMIRA   FILHOS SUCATAS E FER2904202400000000012016000000000000000009   11343-2     000000          10219032024000000000000040 00000000000000000000000000280620241
3410001300214H 010000000000000000                                         00000000000000000000000 00000000000000000000000230042024000000000000200000000000000000                                                                                
3410001300215G 01341919705000013166710900002088478329961150002019405861000188POSTO DE MOLAS CERRADO LTDA   03052024000000000131667000000000000000090009444-02     078329          10119032024000000000000439 00000000000000000000000000030520241
3410001300216H 010000000000000000                                         00000000000000000000000 00000000000000000000000 00000000000000000000000000000000000000                                                                                
3410001300217G 01341969705000015000015700000629928669816790002046264765000130TRUCK DIESEL MECANICA E AUTO P03052024000000000150000000000000000000093028           028662          10119032024000000000000010 00000000000000000000000000030520241
3410001300218H 010000000000000000                                         00000000000000000000000 00000000000000000000000103052024000000000003000000000000000000                                                                                
3410001300219G 01341969706000009666710900002103178329961150002019405861000188POSTO DE MOLAS CERRADO LTDA   04052024000000000096667000000000000000090009453-02     078329          10119032024000000000000322 00000000000000000000000000040520241
3410001300220H 010000000000000000                                         00000000000000000000000 00000000000000000000000 00000000000000000000000000000000000000                                                                                
3410001300221G 01341949708000013800010900002106478329961150002019405861000188POSTO DE MOLAS CERRADO LTDA   06052024000000000138000000000000000000090009459-02     078329          10119032024000000000000460 00000000000000000000000000060520241
3410001300222H 010000000000000000                                         00000000000000000000000 00000000000000000000000 00000000000000000000000000000000000000                                                                                
3410001300223G 01001919713000005280000000016150420000024478172009203706000125BR CARRETAS COMERCIO DE PECAS 1105202400000000005280000000000000000009151527.02      000000          10219032024000000000000017 00000000000000000000000000100620241
3410001300224H 010000000000000000                                         00000000000000000000000 00000000000000000000000213052024000000000000100000000000000000                                                                                
3410001300225G 01001979713000003990000000016150420000024476172009203706000125BR CARRETAS COMERCIO DE PECAS 1105202400000000003990000000000000000009151528.02      000000          10219032024000000000000013 00000000000000000000000000100620241
3410001300226H 010000000000000000                                         00000000000000000000000 00000000000000000000000213052024000000000000100000000000000000                                                                                
3410001300227G 01341949715000007500010900000579365569949340002043493111000190AHPARTS DISTRIBUICAO IMPORTACA13052024000000000075000000000000000000090000312-02     065565          10119032024000000000000375 00000000000000000000000000130520241
3410001300228H 010000000000000000                                         00000000000000000000000 00000000000000000000000 00000000000000000000000000000000000000                                                                                
3410001300229G 01341949715000082500010904018907912480490560002001836398000163BANCO DAYCOVAL SA             1305202400000000082500000000000000000009044062/3       012484          10119032024000000000003300 00000000000000000000000000130520241
3410001300230H 012001836398000163GM IND PEC SERV E MANUTENCOES            00000000000000000000000 00000000000000000000000 00000000000000000000000000000000000000                                                                                
3410001300231G 01748929716000021950011242014337091420003921042036957761000183MOREIRA TRUCK CENTER LTDA     14052024000000000219500000000000000000090000007535     000000          10319032024000000000000732 00000000000000000000000000120520341
3410001300232H 010000000000000000                                         00000000000000000000000 00000000000000000000000215052024000000000000200000000000000000                                                                                
3410001300233G 01756919717000008750013214014544781000272100022028235654000113ALEXANDRE MARIO FRANCO LTDA   15052024000000000087500000000000000000093220/1843-     000000          10219032024000000000000000 00000000000000000000000000170320345
3410001300234H 010000000000000000                                         00000000000000000000000 00000000000000000000000301010001000000000000000000000000000000                                                                                
3410001300235G 01237999719000009186719600900000008506009663002047892320000167C   C COMERCIO DE PNEUS LTDA  1705202400000000009186700000000000000009NP0015412      000000          10219032024000000000000367 00000000000000000000000000160720241
3410001300236H 010000000000000000                                         00000000000000000000000 00000000000000000000000218052024000000000000100000000000000000                                                                                
3410001300237G 01001919719000008900000000029821950000091743172026576031000189SHOW DISTRIBUIDORA AUTOMOTIVA 1705202400000000008900000000000000000009104044.2       000000          10219032024000000000000178 00000000000000000000000000150820241
3410001300238H 010000000000000000                                         00000000000000000000000 00000000000000000000000218052024000000000000200000000000000000                                                                                
3410001300239G 31001999720000009666700000036081030000006882172051127901000180HABER TRUCK PECAS E SERVICOS L18052024000000000096667000000000000000090000390702     000000          20218032024000000000000319 00000000000000000000000000160620241
3410001300240H 310000000000000000                                         00000000000000000000000 00000000000000000000000119052024000000000001933000000000000000                                                                                
3410001300241G 31033959726000010910094389441000009733129501012003876012000172DAFONTE RENOVADORA DE PNEUS LT240520240000000001091000000000000000000919142          000000          30226012024000000000000599 00000000000000000000000000210620243
3410001300242H 310000000000000000                                         00000000000000000000000 00000000000000000000000130052024000000000006546000000000000000                                                                                
3410001300243G 01001919730000017952300000025769050000171536172003635486000122RIMA COMERCIO DE PECAS LTDA   2805202400000000017952300000000000000009594033.2       000000          20219032024000000000000539 00000000000000000000000000260820241
3410001300244H 010000000000000000                                         00000000000000000000000 00000000000000000000000301010001000000000000000000000000000000                                                                                
3410001300245G 01341919735000013166610900002089278329961150002019405861000188POSTO DE MOLAS CERRADO LTDA   02062024000000000131666000000000000000090009444-03     078329          10119032024000000000000439 00000000000000000000000000020620241
3410001300246H 010000000000000000                                         00000000000000000000000 00000000000000000000000 00000000000000000000000000000000000000                                                                                
3410001300247G 01341949736000009666610900002104978329961150002019405861000188POSTO DE MOLAS CERRADO LTDA   03062024000000000096666000000000000000090009453-03     078329          10119032024000000000000322 00000000000000000000000000030620241
3410001300248H 010000000000000000                                         00000000000000000000000 00000000000000000000000 00000000000000000000000000000000000000                                                                                
3410001300249G 01341929743000082500010904018908712480490560002001836398000163BANCO DAYCOVAL SA             1006202400000000082500000000000000000009044062/4       012484          10119032024000000000003300 00000000000000000000000000100620241
3410001300250H 012001836398000163GM IND PEC SERV E MANUTENCOES            00000000000000000000000 00000000000000000000000 00000000000000000000000000000000000000                                                                                
3410001300251G 01237919749000009186719600900000008507009663002047892320000167C   C COMERCIO DE PNEUS LTDA  1606202400000000009186700000000000000009NP0015413      000000          10219032024000000000000367 00000000000000000000000000150820241
3410001300252H 010000000000000000                                         00000000000000000000000 00000000000000000000000217062024000000000000100000000000000000                                                                                
3410001300253G 31001949751000009666700000036081030000006883172051127901000180HABER TRUCK PECAS E SERVICOS L18062024000000000096667000000000000000090000390703     000000          20218032024000000000000319 00000000000000000000000000170720241
3410001300254H 310000000000000000                                         00000000000000000000000 00000000000000000000000119062024000000000001933000000000000000                                                                                
3410001300255G 01001969761000017952300000025769050000171537172003635486000122RIMA COMERCIO DE PECAS LTDA   2806202400000000017952300000000000000009594033.3       000000          20219032024000000000000539 00000000000000000000000000260920241
3410001300256H 010000000000000000                                         00000000000000000000000 00000000000000000000000301010001000000000000000000000000000000                                                                                
34100015         000258000000000026279030000000000000000000                                                                                                                                                                                     
34100021I0300022 2015665528000238                    00000 000000000000  CARGO POLO C L T EIRELI                                                                                                                                                
3410002300001G 01341999681000510010010905786829229380663270002033337122000127IPIRANGA PRODS DE PETROLEO    09042024000000005100100000000000000000090000777046     029389          10119032024000000000018700 00000000000000000000000000090420241
3410002300002H 010000000000000000                                         00000000000000000000000 00000000000000000000000 00000000000000000000000000000000000000                                                                                
3410002300003G 01341999685000007473810900093636283221246480002024091522000104MAFEMA LIMITADA - EPP         1304202400000000007473800000000000000009149616 1/2     083220          10119032024000000000000146 00000000000000000000000000130420241
3410002300004H 010000000000000000                                         00000000000000000000000 00000000000000000000000113042024000000000001494000000000000000                                                                                
3410002300005G 01341989713000007473710900093637083221246480002024091522000104MAFEMA LIMITADA - EPP         1105202400000000007473700000000000000009149616 2/2     083220          10119032024000000000000146 00000000000000000000000000110520241
3410002300006H 010000000000000000                                         00000000000000000000000 00000000000000000000000111052024000000000001494000000000000000                                                                                
34100025         000008000000000005249575000000000000000000                                                                                                                                                                                     
34100031I0300022 2015665528000580                    00000 000000000000  CARGO POLO C L T EIRELI                                                                                                                                                
3410003300001G 01341949683000005340510900096891403341080650002002233622001248GOTEMBURGO VEICULOS LTDA      1104202400000000005340500000000000000009 169312/1      003343          10119032024000000000000107 00000000000000000000000000110420241
3410003300002H 010000000000000000                                         00000000000000000000000 00000000000000000000000 00000000000000000000000000000000000000                                                                                
3410003300003G 01341939683000002441010900096905203341080650002002233622001248GOTEMBURGO VEICULOS LTDA      1104202400000000002441000000000000000009 169331/1      003343          10119032024000000000000049 00000000000000000000000000110420241
3410003300004H 010000000000000000                                         00000000000000000000000 00000000000000000000000 00000000000000000000000000000000000000                                                                                
3410003300005G 01341979684000046716310900096980503341080650002002233622001248GOTEMBURGO VEICULOS LTDA      1204202400000000046716300000000000000009 169361/1      003343          10119032024000000000000934 00000000000000000000000000120420241
3410003300006H 010000000000000000                                         00000000000000000000000 00000000000000000000000 00000000000000000000000000000000000000                                                                                
3410003300007G 01341999684000003704810900096986203341080650002002233622001248GOTEMBURGO VEICULOS LTDA      1204202400000000003704800000000000000009  40717/1      003343          10119032024000000000000074 00000000000000000000000000120420241
3410003300008H 010000000000000000                                         00000000000000000000000 00000000000000000000000 00000000000000000000000000000000000000                                                                                
3410003300009G 01341969687000019900010900097074603341080650002002233622001248GOTEMBURGO VEICULOS LTDA      1504202400000000019900000000000000000009  70830/1      003343          10119032024000000000000398 00000000000000000000000000150420241
3410003300010H 010000000000000000                                         00000000000000000000000 00000000000000000000000 00000000000000000000000000000000000000                                                                                
3410003300011G 01341949690000003031610900811986993173001360002009405797000343MOVESA MOTORES E VEICULOS LTDA180420240000000000303160000000000000000930555401       093179          10119032024000000000000051 00000000000000000000000000180420241
3410003300012H 010000000000000000                                         00000000000000000000000 00000000000000000000000 00000000000000000000000000000000000000                                                                                
3410003300013G 01341939712000046716310900096981303341080650002002233622001248GOTEMBURGO VEICULOS LTDA      1005202400000000046716300000000000000009 169361/2      003343          10119032024000000000000934 00000000000000000000000000100520241
3410003300014H 010000000000000000                                         00000000000000000000000 00000000000000000000000 00000000000000000000000000000000000000                                                                                
3410003300015G 01341989712000003704710900096987003341080650002002233622001248GOTEMBURGO VEICULOS LTDA      1005202400000000003704700000000000000009  40717/2      003343          10119032024000000000000074 00000000000000000000000000100520241
3410003300016H 010000000000000000                                         00000000000000000000000 00000000000000000000000 00000000000000000000000000000000000000                                                                                
3410003300017G 01341999715000019900010900097075303341080650002002233622001248GOTEMBURGO VEICULOS LTDA      1305202400000000019900000000000000000009  70830/2      003343          10119032024000000000000398 00000000000000000000000000130520241
3410003300018H 010000000000000000                                         00000000000000000000000 00000000000000000000000 00000000000000000000000000000000000000                                                                                
3410003300019G 01341959740000048132010900096982103341080650002002233622001248GOTEMBURGO VEICULOS LTDA      0706202400000000048132000000000000000009 169361/3      003343          10119032024000000000000963 00000000000000000000000000070620241
3410003300020H 010000000000000000                                         00000000000000000000000 00000000000000000000000 00000000000000000000000000000000000000                                                                                
3410003300021G 01341919740000003817010900096988803341080650002002233622001248GOTEMBURGO VEICULOS LTDA      0706202400000000003817000000000000000009  40717/3      003343          10119032024000000000000076 00000000000000000000000000070620241
3410003300022H 010000000000000000                                         00000000000000000000000 00000000000000000000000 00000000000000000000000000000000000000                                                                                
34100035         000024000000000002034042000000000000000000                                                                                                                                                                                     
34100041I0300022 2015665528001048                    00000 000000000000  CARGO POLO C L T EIRELI                                                                                                                                                
3410004300001G 01341989667000009292510908071074403680165980002051195790000149PERIM COM DE AUTO PECAS LTDA  2603202400000000009292500000000000000009115269-2       003681          10119032024000000000000248 00000000000000000000000000260320241
3410004300002H 010000000000000000                                         00000000000000000000000 00000000000000000000000126032024000000000001858000000000000000                                                                                
3410004300003G 01341919667000005166710908071077703680165980002051195790000149PERIM COM DE AUTO PECAS LTDA  2603202400000000005166700000000000000009115270-2       003681          10119032024000000000000138 00000000000000000000000000260320241
3410004300004H 010000000000000000                                         00000000000000000000000 00000000000000000000000126032024000000000001033000000000000000                                                                                
3410004300005G 01341919684000016000015700040349614192057430002002111109000121CLEONALDO FERREIRA CARNEIRO ME12042024000000000160000000000000000000094870           014191          10119032024000000000000480 00000000000000000000000000120420241
3410004300006H 010000000000000000                                         00000000000000000000000 00000000000000000000000112042024000000000003200000000000000000                                                                                
3410004300007G 01341949684000008760110900222704802060533320002046365243000205QUIBAO BRESSIANI LTDA         1204202400000000008760100000000000000009000191839A     002063          10119032024000000000000289 00000000000000000000000000120420241
3410004300008H 010000000000000000                                         00000000000000000000000 00000000000000000000000112042024000000000001752000000000000000                                                                                
3410004300009G 01341949714000008730010900222705502060533320002046365243000205QUIBAO BRESSIANI LTDA         1205202400000000008730000000000000000009000191839B     002063          10119032024000000000000288 00000000000000000000000000120520241
3410004300010H 010000000000000000                                         00000000000000000000000 00000000000000000000000112052024000000000001746000000000000000                                                                                
3410004300011G 01341939744000008730010900222706302060533320002046365243000205QUIBAO BRESSIANI LTDA         1106202400000000008730000000000000000009000191839C     002063          10119032024000000000000288 00000000000000000000000000110620241
3410004300012H 010000000000000000                                         00000000000000000000000 00000000000000000000000111062024000000000001746000000000000000                                                                                
3410004300013G 01341929774000008730010900222707102060533320002046365243000205QUIBAO BRESSIANI LTDA         1107202400000000008730000000000000000009000191839D     002063          10119032024000000000000288 00000000000000000000000000110720241
3410004300014H 010000000000000000                                         00000000000000000000000 00000000000000000000000111072024000000000001746000000000000000                                                                                
3410004300015G 01341969804000008730010900222708902060533320002046365243000205QUIBAO BRESSIANI LTDA         1008202400000000008730000000000000000009000191839E     002063          10119032024000000000000288 00000000000000000000000000100820241
3410004300016H 010000000000000000                                         00000000000000000000000 00000000000000000000000110082024000000000001746000000000000000                                                                                
34100045         000018000000000000741393000000000000000000                                                                                                                                                                                     
34199999         000004000310                                                                                                                                                                                                                   
